
<record>
            <leader>00000ntmaa22000002u 4500</leader>
            <controlfield tag='001'>aspace_7de482c1e68fa25d5c8297222ae6a3c0</controlfield>
            <controlfield tag='003'>PULFA</controlfield>
            <controlfield tag="008">000000        xx      |           eng d</controlfield>
            <datafield ind1=' ' ind2=' ' tag='035'>
          <subfield code='a'>(PULFA)aspace_7de482c1e68fa25d5c8297222ae6a3c0</subfield>
          </datafield>
            <datafield ind1=" " ind2=" " tag="040">
        <subfield code="a">NjP</subfield>
        <subfield code="b">eng</subfield>
        <subfield code="e">dacs</subfield>
        <subfield code="c">NjP</subfield>
        </datafield>
            <datafield ind1=' ' ind2=' ' tag='041'>
            <subfield code='c'>ng </subfield>
          </datafield>
            
            <datafield ind1=' ' ind2=' ' tag='099'>
          <subfield code = 'a'>aspace_7de482c1e68fa25d5c8297222ae6a3c0</subfield>
          </datafield>
            <datafield ind1='1' ind2='0' tag='100'>
                  <subfield code = 'a'>Gelbrun, Artur, 1913-1985.</subfield>
                  
                  <subfield code='4'>cmp</subfield>
                  
                  <subfield code = '0'>n 81132047</subfield>
                </datafield>
            <datafield ind1=' ' ind2=' ' tag='245'>
          <subfield code = 'a'>Gelbrun, Artur, 1913-1985</subfield>
          
          </datafield>
            <datafield ind1=" " ind2=" " tag="300">
              <subfield code="a">3</subfield>
              <subfield code="f">folder(s)</subfield>
              </datafield>
            <datafield ind1=' ' ind2=' ' tag='506'>
          <subfield code = 'a'>Collection is open for research use.</subfield>
          </datafield>
            
            
            
            
            
            
            <datafield ind1='1' ind2=' ' tag='700'>
              <subfield code = 'a'>Gelbrun, Artur, 1913-1985.</subfield>
              
              <subfield code='4'>cmp</subfield>
              
              <subfield code = '0'>n 81132047</subfield>
            </datafield>
            <datafield ind1='4' ind2='2' tag='856'>
            <subfield code='z'>Search and Request</subfield>
            <subfield code = 'u'>https://findingaids.princeton.edu/catalog/aspace_7de482c1e68fa25d5c8297222ae6a3c0</subfield>
            <subfield code='y'>Princeton University Library Finding Aids</subfield>
            </datafield>
            <datafield ind1=' ' ind2=' ' tag='982'><subfield code='c'></subfield></datafield>
          </record>