
<record>
            <leader>00000nimaa22000002u 4500</leader>
            <controlfield tag='001'>aspace_094305fbf90645f8b4aaec2827faf97f</controlfield>
            <controlfield tag='003'>PULFA</controlfield>
            <controlfield tag="008">000000e20032004xx      |           heb d</controlfield>
            <datafield ind1=' ' ind2=' ' tag='035'>
          <subfield code='a'>(PULFA)aspace_094305fbf90645f8b4aaec2827faf97f</subfield>
          </datafield>
            <datafield ind1=" " ind2=" " tag="040">
        <subfield code="a">NjP</subfield>
        <subfield code="b">eng</subfield>
        <subfield code="e">dacs</subfield>
        <subfield code="c">NjP</subfield>
        </datafield>
            <datafield ind1=' ' ind2=' ' tag='041'>
            <subfield code='c'>heb</subfield>
          </datafield>
            <datafield ind1=' ' ind2=' ' tag='046'>
                <subfield code='a'>i</subfield>
                <subfield code='c'>2003</subfield>
                <subfield code='e'>2004</subfield>
              </datafield>
            <datafield ind1=' ' ind2=' ' tag='099'>
          <subfield code = 'a'>aspace_094305fbf90645f8b4aaec2827faf97f</subfield>
          </datafield>
            
            <datafield ind1=' ' ind2=' ' tag='245'>
          <subfield code = 'a'>DVDs</subfield>
          <subfield code = 'f'>2003-2004</subfield>
          </datafield>
            <datafield ind1=" " ind2=" " tag="300">
              <subfield code="a">2</subfield>
              <subfield code="f">DVD(s)</subfield>
              </datafield>
            <datafield ind1=' ' ind2=' ' tag='506'>
          <subfield code = 'a'>Collection is open for research use.</subfield>
          </datafield>
            
            
            
            
            
            
            
            <datafield ind1='4' ind2='2' tag='856'>
            <subfield code='z'>Search and Request</subfield>
            <subfield code = 'u'>https://findingaids.princeton.edu/catalog/aspace_094305fbf90645f8b4aaec2827faf97f</subfield>
            <subfield code='y'>Princeton University Library Finding Aids</subfield>
            </datafield>
            <datafield ind1=' ' ind2=' ' tag='982'><subfield code='c'></subfield></datafield>
          </record>