
<record>
            <leader>00000ntmaa22000002u 4500</leader>
            <controlfield tag='001'>aspace_8b7b3ba8c1528f6841f8d43f4e9cc2b0</controlfield>
            <controlfield tag='003'>PULFA</controlfield>
            <controlfield tag="008">000000e19851985xx      |           heb d</controlfield>
            <datafield ind1=' ' ind2=' ' tag='035'>
          <subfield code='a'>(PULFA)aspace_8b7b3ba8c1528f6841f8d43f4e9cc2b0</subfield>
          </datafield>
            <datafield ind1=" " ind2=" " tag="040">
        <subfield code="a">NjP</subfield>
        <subfield code="b">eng</subfield>
        <subfield code="e">dacs</subfield>
        <subfield code="c">NjP</subfield>
        </datafield>
            <datafield ind1=' ' ind2=' ' tag='041'>
            <subfield code='c'>heb</subfield>
          </datafield>
            <datafield ind1=' ' ind2=' ' tag='046'>
                <subfield code='a'>i</subfield>
                <subfield code='c'>1985</subfield>
                <subfield code='e'>1985</subfield>
              </datafield>
            <datafield ind1=' ' ind2=' ' tag='099'>
          <subfield code = 'a'>aspace_8b7b3ba8c1528f6841f8d43f4e9cc2b0</subfield>
          </datafield>
            <datafield ind1='1' ind2='7' tag='100'>
                  <subfield code = 'a'>Avni, Tzvi, 1927-</subfield>
                  
                  <subfield code='4'>cmp</subfield>
                  <subfield code = '2'>naf</subfield>
                  <subfield code = '0'>n 79100200</subfield>
                </datafield>
            <datafield ind1=' ' ind2=' ' tag='245'>
          <subfield code = 'a'>מטמורפוזות על כוראל של באך, לתזמורת סימפונית = Metamorphoses on a Bach chorale, for symphony orchestra</subfield>
          <subfield code = 'f'>1985</subfield>
          </datafield>
            <datafield ind1=" " ind2=" " tag="300">
              <subfield code="a">1</subfield>
              <subfield code="f">folder(s)</subfield>
              </datafield>
            <datafield ind1=' ' ind2=' ' tag='506'>
          <subfield code = 'a'>Collection is open for research use.</subfield>
          </datafield>
            <datafield ind1=' ' ind2=' ' tag='520'>
            <subfield code = 'a'>Photocopy of manuscript score for orchestra.</subfield>
            </datafield>
            
            
            
            
            <datafield ind1=' ' ind2='0' tag='650'>
              <subfield code = 'a'>Orchestral music </subfield>
                
                <subfield code = 'x'>Scores</subfield>
                
              </datafield>
            <datafield ind1='1' ind2=' ' tag='700'>
              <subfield code = 'a'>Avni, Tzvi, 1927-</subfield>
              
              <subfield code='4'>cmp</subfield>
              <subfield code = '2'>naf</subfield>
              <subfield code = '0'>n 79100200</subfield>
            </datafield> <datafield ind1='1' ind2='0' tag='600'>
              <subfield code = 'a'>Bach, Johann Sebastian, 1685-1750 -- Arrangements.</subfield>
              
              
              
              <subfield code = '0'>n 79021425</subfield>
            </datafield>
            <datafield ind1='4' ind2='2' tag='856'>
            <subfield code='z'>Search and Request</subfield>
            <subfield code = 'u'>https://findingaids.princeton.edu/catalog/aspace_8b7b3ba8c1528f6841f8d43f4e9cc2b0</subfield>
            <subfield code='y'>Princeton University Library Finding Aids</subfield>
            </datafield>
            <datafield ind1=' ' ind2=' ' tag='982'><subfield code='c'></subfield></datafield>
          </record>