
<record>
            <leader>00000ntmaa22000002u 4500</leader>
            <controlfield tag='001'>aspace_e77378104568f52e099b6f1460997ca9</controlfield>
            <controlfield tag='003'>PULFA</controlfield>
            <controlfield tag="008">000000e19971997xx      |           heb d</controlfield>
            <datafield ind1=' ' ind2=' ' tag='035'>
          <subfield code='a'>(PULFA)aspace_e77378104568f52e099b6f1460997ca9</subfield>
          </datafield>
            <datafield ind1=" " ind2=" " tag="040">
        <subfield code="a">NjP</subfield>
        <subfield code="b">eng</subfield>
        <subfield code="e">dacs</subfield>
        <subfield code="c">NjP</subfield>
        </datafield>
            <datafield ind1=' ' ind2=' ' tag='041'>
            <subfield code='c'>heb</subfield>
          </datafield>
            <datafield ind1=' ' ind2=' ' tag='046'>
                <subfield code='a'>i</subfield>
                <subfield code='c'>1997</subfield>
                <subfield code='e'>1997</subfield>
              </datafield>
            <datafield ind1=' ' ind2=' ' tag='099'>
          <subfield code = 'a'>aspace_e77378104568f52e099b6f1460997ca9</subfield>
          </datafield>
            <datafield ind1='1' ind2='7' tag='100'>
                  <subfield code = 'a'>Bar-Am, Benjamin, 1923-2012.</subfield>
                  
                  <subfield code='4'>cmp</subfield>
                  <subfield code = '2'>naf</subfield>
                  <subfield code = '0'>no 97064100</subfield>
                </datafield>
            <datafield ind1=' ' ind2=' ' tag='245'>
          <subfield code = 'a'>אחותי קטנה, לאלט, כנור, צלו ולפסנטר = My little sister, for alto, violin, violoncello, and piano</subfield>
          <subfield code = 'f'>1997</subfield>
          </datafield>
            <datafield ind1=" " ind2=" " tag="300">
              <subfield code="a">1</subfield>
              <subfield code="f">folder(s)</subfield>
              </datafield>
            <datafield ind1=' ' ind2=' ' tag='506'>
          <subfield code = 'a'>Collection is open for research use.</subfield>
          </datafield>
            <datafield ind1=' ' ind2=' ' tag='520'>
            <subfield code = 'a'>Printed score for alto voice, cello, and piano.</subfield>
            </datafield>
            
            
            
            
            <datafield ind1=' ' ind2='0' tag='650'>
              <subfield code = 'a'>Songs (Low voice) with instrumental ensemble </subfield>
                
                <subfield code = 'x'>Scores</subfield>
                
              </datafield>
            <datafield ind1='1' ind2=' ' tag='700'>
              <subfield code = 'a'>Bar-Am, Benjamin, 1923-2012.</subfield>
              
              <subfield code='4'>cmp</subfield>
              <subfield code = '2'>naf</subfield>
              <subfield code = '0'>no 97064100</subfield>
            </datafield> <datafield ind1='1' ind2='0' tag='600'>
              <subfield code = 'a'>Kovner, Abba, 1918-1987 -- Musical Settings.</subfield>
              
              <subfield code='4'>lyr</subfield>
              
              <subfield code = '0'>n 82099581</subfield>
            </datafield>
            <datafield ind1='4' ind2='2' tag='856'>
            <subfield code='z'>Search and Request</subfield>
            <subfield code = 'u'>https://findingaids.princeton.edu/catalog/aspace_e77378104568f52e099b6f1460997ca9</subfield>
            <subfield code='y'>Princeton University Library Finding Aids</subfield>
            </datafield>
            <datafield ind1=' ' ind2=' ' tag='982'><subfield code='c'></subfield></datafield>
          </record>