
<record>
            <leader>00000ntmaa22000002u 4500</leader>
            <controlfield tag='001'>aspace_02ec33c5e9e9f5e027b348bb7ca2ae42</controlfield>
            <controlfield tag='003'>PULFA</controlfield>
            <controlfield tag="008">000000e19781978xx      |           eng d</controlfield>
            <datafield ind1=' ' ind2=' ' tag='035'>
          <subfield code='a'>(PULFA)aspace_02ec33c5e9e9f5e027b348bb7ca2ae42</subfield>
          </datafield>
            <datafield ind1=" " ind2=" " tag="040">
        <subfield code="a">NjP</subfield>
        <subfield code="b">eng</subfield>
        <subfield code="e">dacs</subfield>
        <subfield code="c">NjP</subfield>
        </datafield>
            <datafield ind1=' ' ind2=' ' tag='041'>
            <subfield code='c'>eng</subfield>
          </datafield>
            <datafield ind1=' ' ind2=' ' tag='046'>
                <subfield code='a'>i</subfield>
                <subfield code='c'>1978</subfield>
                <subfield code='e'>1978</subfield>
              </datafield>
            <datafield ind1=' ' ind2=' ' tag='099'>
          <subfield code = 'a'>aspace_02ec33c5e9e9f5e027b348bb7ca2ae42</subfield>
          </datafield>
            <datafield ind1='1' ind2='0' tag='100'>
                  <subfield code = 'a'>Ben-Yohanan, Asher, 1929-2015.</subfield>
                  
                  <subfield code='4'>cmp</subfield>
                  
                  <subfield code = '0'>n 85230036</subfield>
                </datafield>
            <datafield ind1=' ' ind2=' ' tag='245'>
          <subfield code = 'a'>פסיפס, לסופרן ועשרה מנגנים = Mosaic, for soprano and ten players, on five poems by E.E. Cummings</subfield>
          <subfield code = 'f'>1978</subfield>
          </datafield>
            <datafield ind1=" " ind2=" " tag="300">
              <subfield code="a">1</subfield>
              <subfield code="f">folder(s)</subfield>
              </datafield>
            <datafield ind1=' ' ind2=' ' tag='506'>
          <subfield code = 'a'>Collection is open for research use.</subfield>
          </datafield>
            <datafield ind1=' ' ind2=' ' tag='520'>
            <subfield code = 'a'>Printed score for soprano voice, oboe, clarinet in Bb, bassoon, trumpet, trombone, 2 percussionists, violin, cello, and bass.</subfield>
            </datafield>
            
            
            
            
            <datafield ind1=' ' ind2='0' tag='650'>
              <subfield code = 'a'>Sacred songs (High voice) with instrumental ensemble </subfield>
                
                <subfield code = 'x'>Scores</subfield>
                
              </datafield>
            <datafield ind1='1' ind2=' ' tag='700'>
              <subfield code = 'a'>Ben-Yohanan, Asher, 1929-2015.</subfield>
              
              <subfield code='4'>cmp</subfield>
              
              <subfield code = '0'>n 85230036</subfield>
            </datafield> <datafield ind1='1' ind2='7' tag='600'>
              <subfield code = 'a'>Cummings, E. E. (Edward Estlin), 1894-1962 -- Musical Settings.</subfield>
              
              <subfield code='4'>lyr</subfield>
              <subfield code = '2'>ingest</subfield>
              
            </datafield>
            <datafield ind1='4' ind2='2' tag='856'>
            <subfield code='z'>Search and Request</subfield>
            <subfield code = 'u'>https://findingaids.princeton.edu/catalog/aspace_02ec33c5e9e9f5e027b348bb7ca2ae42</subfield>
            <subfield code='y'>Princeton University Library Finding Aids</subfield>
            </datafield>
            <datafield ind1=' ' ind2=' ' tag='982'><subfield code='c'></subfield></datafield>
          </record>