
<record>
            <leader>00000ntmaa22000002u 4500</leader>
            <controlfield tag='001'>aspace_ed0cd882648ebd0da33a9bba61239b73</controlfield>
            <controlfield tag='003'>PULFA</controlfield>
            <controlfield tag="008">000000e19731973xx      |           heb d</controlfield>
            <datafield ind1=' ' ind2=' ' tag='035'>
          <subfield code='a'>(PULFA)aspace_ed0cd882648ebd0da33a9bba61239b73</subfield>
          </datafield>
            <datafield ind1=" " ind2=" " tag="040">
        <subfield code="a">NjP</subfield>
        <subfield code="b">eng</subfield>
        <subfield code="e">dacs</subfield>
        <subfield code="c">NjP</subfield>
        </datafield>
            <datafield ind1=' ' ind2=' ' tag='041'>
            <subfield code='c'>heb</subfield>
          </datafield>
            <datafield ind1=' ' ind2=' ' tag='046'>
                <subfield code='a'>i</subfield>
                <subfield code='c'>1973</subfield>
                <subfield code='e'>1973</subfield>
              </datafield>
            <datafield ind1=' ' ind2=' ' tag='099'>
          <subfield code = 'a'>aspace_ed0cd882648ebd0da33a9bba61239b73</subfield>
          </datafield>
            <datafield ind1='1' ind2='0' tag='100'>
                  <subfield code = 'a'>Braun, Yehezkiel, 1922-2014.</subfield>
                  
                  <subfield code='4'>cmp</subfield>
                  
                  <subfield code = '0'>n 50000667</subfield>
                </datafield>
            <datafield ind1=' ' ind2=' ' tag='245'>
          <subfield code = 'a'>Cantici canticorum, caput III = The Song of Songs, chapter 3</subfield>
          <subfield code = 'f'>1973</subfield>
          </datafield>
            <datafield ind1=" " ind2=" " tag="300">
              <subfield code="a">1</subfield>
              <subfield code="f">folder(s)</subfield>
              </datafield>
            <datafield ind1=' ' ind2=' ' tag='506'>
          <subfield code = 'a'>Collection is open for research use.</subfield>
          </datafield>
            <datafield ind1=' ' ind2=' ' tag='520'>
            <subfield code = 'a'>Printed score for solo soprano voice and SATB chorus.</subfield>
            </datafield>
            
            
            
            
            <datafield ind1=' ' ind2='0' tag='650'>
              <subfield code = 'a'>Choruses, Sacred (Mixed voices, 4 parts), Unaccompanied</subfield>
                
                
                
              </datafield> <datafield ind1=' ' ind2='0' tag='650'>
              <subfield code = 'a'>Song of Solomon (Music)</subfield>
                
                
                
              </datafield> <datafield ind1=' ' ind2='0' tag='650'>
              <subfield code = 'a'>Synagogue music</subfield>
                
                
                
              </datafield>
            <datafield ind1='1' ind2=' ' tag='700'>
              <subfield code = 'a'>Braun, Yehezkiel, 1922-2014.</subfield>
              
              <subfield code='4'>cmp</subfield>
              
              <subfield code = '0'>n 50000667</subfield>
            </datafield> <datafield ind1='1' ind2=' ' tag='700'>
              <subfield code = 'a'>Kaplan, Shlomo.</subfield>
              
              <subfield code='4'>edt</subfield>
              <subfield code = '2'>local</subfield>
              
            </datafield>
            <datafield ind1='4' ind2='2' tag='856'>
            <subfield code='z'>Search and Request</subfield>
            <subfield code = 'u'>https://findingaids.princeton.edu/catalog/aspace_ed0cd882648ebd0da33a9bba61239b73</subfield>
            <subfield code='y'>Princeton University Library Finding Aids</subfield>
            </datafield>
            <datafield ind1=' ' ind2=' ' tag='982'><subfield code='c'></subfield></datafield>
          </record>