
<record>
            <leader>00000ntmaa22000002u 4500</leader>
            <controlfield tag='001'>aspace_f38786ce82d3ea21f99d166330c014b3</controlfield>
            <controlfield tag='003'>PULFA</controlfield>
            <controlfield tag="008">000000e19851985xx      |           heb d</controlfield>
            <datafield ind1=' ' ind2=' ' tag='035'>
          <subfield code='a'>(PULFA)aspace_f38786ce82d3ea21f99d166330c014b3</subfield>
          </datafield>
            <datafield ind1=" " ind2=" " tag="040">
        <subfield code="a">NjP</subfield>
        <subfield code="b">eng</subfield>
        <subfield code="e">dacs</subfield>
        <subfield code="c">NjP</subfield>
        </datafield>
            <datafield ind1=' ' ind2=' ' tag='041'>
            <subfield code='c'>heb</subfield>
          </datafield>
            <datafield ind1=' ' ind2=' ' tag='046'>
                <subfield code='a'>i</subfield>
                <subfield code='c'>1985</subfield>
                <subfield code='e'>1985</subfield>
              </datafield>
            <datafield ind1=' ' ind2=' ' tag='099'>
          <subfield code = 'a'>aspace_f38786ce82d3ea21f99d166330c014b3</subfield>
          </datafield>
            <datafield ind1='1' ind2='0' tag='100'>
                  <subfield code = 'a'>Carmel, Dov, 1932-</subfield>
                  
                  <subfield code='4'>cmp</subfield>
                  
                  <subfield code = '0'>nr 97032430</subfield>
                </datafield>
            <datafield ind1=' ' ind2=' ' tag='245'>
          <subfield code = 'a'>God, full of mercy, for or in six voices</subfield>
          <subfield code = 'f'>1985</subfield>
          </datafield>
            <datafield ind1=" " ind2=" " tag="300">
              <subfield code="a">1</subfield>
              <subfield code="f">folder(s)</subfield>
              </datafield>
            <datafield ind1=' ' ind2=' ' tag='506'>
          <subfield code = 'a'>Collection is open for research use.</subfield>
          </datafield>
            <datafield ind1=' ' ind2=' ' tag='520'>
            <subfield code = 'a'>Printed score for six-part mixed chorus (soprano, mezzo-soprano, alto, tenor, baritone, and bass).</subfield>
            </datafield>
            
            
            
            
            <datafield ind1=' ' ind2='0' tag='650'>
              <subfield code = 'a'>Choruses (Mixed voices), Unaccompanied</subfield>
                
                
                
              </datafield> <datafield ind1=' ' ind2='7' tag='655'>
              <subfield code = 'a'>Scores</subfield>
                
                
                <subfield code = '2'>lcgft</subfield>
              </datafield>
            <datafield ind1='1' ind2=' ' tag='700'>
              <subfield code = 'a'>Carmel, Dov, 1932-</subfield>
              
              <subfield code='4'>cmp</subfield>
              
              <subfield code = '0'>nr 97032430</subfield>
            </datafield> <datafield ind1='1' ind2='0' tag='600'>
              <subfield code = 'a'>Amichai, Yehuda, 1924-2000 -- Musical Settings.</subfield>
              
              <subfield code='4'>lyr</subfield>
              
              <subfield code = '0'>n 50021587</subfield>
            </datafield>
            <datafield ind1='4' ind2='2' tag='856'>
            <subfield code='z'>Search and Request</subfield>
            <subfield code = 'u'>https://findingaids.princeton.edu/catalog/aspace_f38786ce82d3ea21f99d166330c014b3</subfield>
            <subfield code='y'>Princeton University Library Finding Aids</subfield>
            </datafield>
            <datafield ind1=' ' ind2=' ' tag='982'><subfield code='c'></subfield></datafield>
          </record>