
<record>
            <leader>00000ntmaa22000002u 4500</leader>
            <controlfield tag='001'>aspace_fdf7571e78c5f9a5c659391b88be9dc0</controlfield>
            <controlfield tag='003'>PULFA</controlfield>
            <controlfield tag="008">000000e19901990xx      |           heb d</controlfield>
            <datafield ind1=' ' ind2=' ' tag='035'>
          <subfield code='a'>(PULFA)aspace_fdf7571e78c5f9a5c659391b88be9dc0</subfield>
          </datafield>
            <datafield ind1=" " ind2=" " tag="040">
        <subfield code="a">NjP</subfield>
        <subfield code="b">eng</subfield>
        <subfield code="e">dacs</subfield>
        <subfield code="c">NjP</subfield>
        </datafield>
            <datafield ind1=' ' ind2=' ' tag='041'>
            <subfield code='c'>heb</subfield>
          </datafield>
            <datafield ind1=' ' ind2=' ' tag='046'>
                <subfield code='a'>i</subfield>
                <subfield code='c'>1990</subfield>
                <subfield code='e'>1990</subfield>
              </datafield>
            <datafield ind1=' ' ind2=' ' tag='099'>
          <subfield code = 'a'>aspace_fdf7571e78c5f9a5c659391b88be9dc0</subfield>
          </datafield>
            <datafield ind1='1' ind2='0' tag='100'>
                  <subfield code = 'a'>Carmel, Dov, 1932-</subfield>
                  
                  <subfield code='4'>cmp</subfield>
                  
                  <subfield code = '0'>nr 97032430</subfield>
                </datafield>
            <datafield ind1=' ' ind2=' ' tag='245'>
          <subfield code = 'a'>מזמורים (תהילים), למקהלת נשים או ילדים = Psalms, for treble choir</subfield>
          <subfield code = 'f'>1990</subfield>
          </datafield>
            <datafield ind1=" " ind2=" " tag="300">
              <subfield code="a">1</subfield>
              <subfield code="f">folder(s)</subfield>
              </datafield>
            <datafield ind1=' ' ind2=' ' tag='506'>
          <subfield code = 'a'>Collection is open for research use.</subfield>
          </datafield>
            <datafield ind1=' ' ind2=' ' tag='520'>
            <subfield code = 'a'>Printed score for treble (SA) choir</subfield>
            </datafield>
            
            
            
            
            <datafield ind1=' ' ind2='0' tag='650'>
              <subfield code = 'a'>Choruses, Sacred (Women's voices, 4 parts), Unaccompanied</subfield>
                
                
                
              </datafield> <datafield ind1=' ' ind2='0' tag='650'>
              <subfield code = 'a'>Psalms (Music)</subfield>
                
                
                
              </datafield> <datafield ind1=' ' ind2='7' tag='655'>
              <subfield code = 'a'>Scores</subfield>
                
                
                <subfield code = '2'>lcgft</subfield>
              </datafield>
            <datafield ind1='1' ind2=' ' tag='700'>
              <subfield code = 'a'>Carmel, Dov, 1932-</subfield>
              
              <subfield code='4'>cmp</subfield>
              
              <subfield code = '0'>nr 97032430</subfield>
            </datafield>
            <datafield ind1='4' ind2='2' tag='856'>
            <subfield code='z'>Search and Request</subfield>
            <subfield code = 'u'>https://findingaids.princeton.edu/catalog/aspace_fdf7571e78c5f9a5c659391b88be9dc0</subfield>
            <subfield code='y'>Princeton University Library Finding Aids</subfield>
            </datafield>
            <datafield ind1=' ' ind2=' ' tag='982'><subfield code='c'></subfield></datafield>
          </record>