
<record>
            <leader>00000ntmaa22000002u 4500</leader>
            <controlfield tag='001'>aspace_b08838e9c8969e859de0c98522a7264f</controlfield>
            <controlfield tag='003'>PULFA</controlfield>
            <controlfield tag="008">000000e19951995xx      |           heb d</controlfield>
            <datafield ind1=' ' ind2=' ' tag='035'>
          <subfield code='a'>(PULFA)aspace_b08838e9c8969e859de0c98522a7264f</subfield>
          </datafield>
            <datafield ind1=" " ind2=" " tag="040">
        <subfield code="a">NjP</subfield>
        <subfield code="b">eng</subfield>
        <subfield code="e">dacs</subfield>
        <subfield code="c">NjP</subfield>
        </datafield>
            <datafield ind1=' ' ind2=' ' tag='041'>
            <subfield code='c'>heb</subfield>
          </datafield>
            <datafield ind1=' ' ind2=' ' tag='046'>
                <subfield code='a'>i</subfield>
                <subfield code='c'>1995</subfield>
                <subfield code='e'>1995</subfield>
              </datafield>
            <datafield ind1=' ' ind2=' ' tag='099'>
          <subfield code = 'a'>aspace_b08838e9c8969e859de0c98522a7264f</subfield>
          </datafield>
            <datafield ind1='1' ind2='0' tag='100'>
                  <subfield code = 'a'>Carmel, Dov, 1932-</subfield>
                  
                  <subfield code='4'>cmp</subfield>
                  
                  <subfield code = '0'>nr 97032430</subfield>
                </datafield>
            <datafield ind1=' ' ind2=' ' tag='245'>
          <subfield code = 'a'>הקטטה, למקהלת ילדים בשלושה קולות [= The quarrel, for 3-part children's choir a cappella]</subfield>
          <subfield code = 'f'>1995</subfield>
          </datafield>
            <datafield ind1=" " ind2=" " tag="300">
              <subfield code="a">1</subfield>
              <subfield code="f">folder(s)</subfield>
              </datafield>
            <datafield ind1=' ' ind2=' ' tag='506'>
          <subfield code = 'a'>Collection is open for research use.</subfield>
          </datafield>
            <datafield ind1=' ' ind2=' ' tag='520'>
            <subfield code = 'a'>Printed score for three part children's chorus (S, Mezzo-S, A).</subfield>
            </datafield>
            
            
            
            
            <datafield ind1=' ' ind2='0' tag='650'>
              <subfield code = 'a'>Choruses, Secular (Children's voices)</subfield>
                
                
                
              </datafield> <datafield ind1=' ' ind2='0' tag='650'>
              <subfield code = 'a'>Choruses, Secular, Unaccompanied</subfield>
                
                
                
              </datafield> <datafield ind1=' ' ind2='7' tag='655'>
              <subfield code = 'a'>Scores</subfield>
                
                
                <subfield code = '2'>lcgft</subfield>
              </datafield>
            <datafield ind1='1' ind2=' ' tag='700'>
              <subfield code = 'a'>Carmel, Dov, 1932-</subfield>
              
              <subfield code='4'>cmp</subfield>
              
              <subfield code = '0'>nr 97032430</subfield>
            </datafield> <datafield ind1='1' ind2='0' tag='600'>
              <subfield code = 'a'>Molodowsky, Kadia, 1894-1975 -- Musical Settings.</subfield>
              
              <subfield code='4'>lyr</subfield>
              
              <subfield code = '0'>nr 91000447</subfield>
            </datafield>
            <datafield ind1='4' ind2='2' tag='856'>
            <subfield code='z'>Search and Request</subfield>
            <subfield code = 'u'>https://findingaids.princeton.edu/catalog/aspace_b08838e9c8969e859de0c98522a7264f</subfield>
            <subfield code='y'>Princeton University Library Finding Aids</subfield>
            </datafield>
            <datafield ind1=' ' ind2=' ' tag='982'><subfield code='c'></subfield></datafield>
          </record>