
<record>
            <leader>00000ntmaa22000002u 4500</leader>
            <controlfield tag='001'>aspace_417fbcb0994589700e1110eebb4f34f1</controlfield>
            <controlfield tag='003'>PULFA</controlfield>
            <controlfield tag="008">000000e19761976xx      |           heb d</controlfield>
            <datafield ind1=' ' ind2=' ' tag='035'>
          <subfield code='a'>(PULFA)aspace_417fbcb0994589700e1110eebb4f34f1</subfield>
          </datafield>
            <datafield ind1=" " ind2=" " tag="040">
        <subfield code="a">NjP</subfield>
        <subfield code="b">eng</subfield>
        <subfield code="e">dacs</subfield>
        <subfield code="c">NjP</subfield>
        </datafield>
            <datafield ind1=' ' ind2=' ' tag='041'>
            <subfield code='c'>heb</subfield>
          </datafield>
            <datafield ind1=' ' ind2=' ' tag='046'>
                <subfield code='a'>i</subfield>
                <subfield code='c'>1976</subfield>
                <subfield code='e'>1976</subfield>
              </datafield>
            <datafield ind1=' ' ind2=' ' tag='099'>
          <subfield code = 'a'>aspace_417fbcb0994589700e1110eebb4f34f1</subfield>
          </datafield>
            <datafield ind1='1' ind2='0' tag='100'>
                  <subfield code = 'a'>Dorfman, Joseph, 1940-2006.</subfield>
                  
                  <subfield code='4'>cmp</subfield>
                  
                  <subfield code = '0'>n 79096159</subfield>
                </datafield>
            <datafield ind1=' ' ind2=' ' tag='245'>
          <subfield code = 'a'>Trio, for piano, violin, and violoncello, in memory of Dmitri Shostakovich</subfield>
          <subfield code = 'f'>1976</subfield>
          </datafield>
            <datafield ind1=" " ind2=" " tag="300">
              <subfield code="a">1</subfield>
              <subfield code="f">folder(s)</subfield>
              </datafield>
            <datafield ind1=' ' ind2=' ' tag='506'>
          <subfield code = 'a'>Collection is open for research use.</subfield>
          </datafield>
            <datafield ind1=' ' ind2=' ' tag='520'>
            <subfield code = 'a'>Printed score for piano, violin, and cello. Printed parts for violin (11 pages) and violoncello (9 pages)</subfield>
            </datafield>
            
            
            <datafield ind1=' ' ind2=' ' tag='545'>
              <subfield code = 'a'>Work awarded the "Acum Publication Prize" in 1978</subfield>
              </datafield>
            
            <datafield ind1=' ' ind2='0' tag='650'>
              <subfield code = 'a'>Piano trios </subfield>
                
                <subfield code = 'x'>Scores and parts</subfield>
                
              </datafield>
            <datafield ind1='1' ind2=' ' tag='700'>
              <subfield code = 'a'>Dorfman, Joseph, 1940-2006.</subfield>
              
              <subfield code='4'>cmp</subfield>
              
              <subfield code = '0'>n 79096159</subfield>
            </datafield> <datafield ind1='1' ind2='0' tag='600'>
              <subfield code = 'a'>Shostakovich, Dmitriĭ Dmitrievich, 1906-1975.</subfield>
              
              <subfield code='4'>dte</subfield>
              
              
            </datafield>
            <datafield ind1='4' ind2='2' tag='856'>
            <subfield code='z'>Search and Request</subfield>
            <subfield code = 'u'>https://findingaids.princeton.edu/catalog/aspace_417fbcb0994589700e1110eebb4f34f1</subfield>
            <subfield code='y'>Princeton University Library Finding Aids</subfield>
            </datafield>
            <datafield ind1=' ' ind2=' ' tag='982'><subfield code='c'></subfield></datafield>
          </record>