
<record>
            <leader>00000ntmaa22000002u 4500</leader>
            <controlfield tag='001'>aspace_7f72bddf00acf9107585e35c1df83340</controlfield>
            <controlfield tag='003'>PULFA</controlfield>
            <controlfield tag="008">000000e19741974xx      |           eng d</controlfield>
            <datafield ind1=' ' ind2=' ' tag='035'>
          <subfield code='a'>(PULFA)aspace_7f72bddf00acf9107585e35c1df83340</subfield>
          </datafield>
            <datafield ind1=" " ind2=" " tag="040">
        <subfield code="a">NjP</subfield>
        <subfield code="b">eng</subfield>
        <subfield code="e">dacs</subfield>
        <subfield code="c">NjP</subfield>
        </datafield>
            <datafield ind1=' ' ind2=' ' tag='041'>
            <subfield code='c'>eng</subfield>
          </datafield>
            <datafield ind1=' ' ind2=' ' tag='046'>
                <subfield code='a'>i</subfield>
                <subfield code='c'>1974</subfield>
                <subfield code='e'>1974</subfield>
              </datafield>
            <datafield ind1=' ' ind2=' ' tag='099'>
          <subfield code = 'a'>aspace_7f72bddf00acf9107585e35c1df83340</subfield>
          </datafield>
            <datafield ind1='1' ind2='0' tag='100'>
                  <subfield code = 'a'>Ginzburg, Dov, 1906-1989 (Composer)</subfield>
                  
                  <subfield code='4'>cmp</subfield>
                  
                  <subfield code = '0'>no2016022010</subfield>
                </datafield>
            <datafield ind1=' ' ind2=' ' tag='245'>
          <subfield code = 'a'>Capriccio for eight percussion players</subfield>
          <subfield code = 'f'>1974</subfield>
          </datafield>
            <datafield ind1=" " ind2=" " tag="300">
              <subfield code="a">1</subfield>
              <subfield code="f">folder(s)</subfield>
              </datafield>
            <datafield ind1=' ' ind2=' ' tag='506'>
          <subfield code = 'a'>Collection is open for research use.</subfield>
          </datafield>
            <datafield ind1=' ' ind2=' ' tag='520'>
            <subfield code = 'a'>Photocopy of manuscript score and parts for 8 percussionists</subfield>
            </datafield> <datafield ind1=' ' ind2=' ' tag='520'>
            <subfield code = 'a'>Percussion 1 part (timpani, gourd, flexaton) (3 pages) + percussion 2 part (glockespiel, marimba) (4 pages) + percussion 3 part (xylophone, bells, vibraphone) (4 pages) + percussion 4 part (2 cymbals susp., hi-hat, bass drum [ped.], maracas) (3 pages) + percussion 5 part (snare drum, claves, 5 tomtoms schellen) + percussion 6 part (3 triangles, 5 bongos, alarm siren) (3 pages) + percussion 7 part (cimbals antique, wind machine, tamtam, 5 temple blocks, 5 cow bells) (3 pages) + percussion 8 part (celesta, tamtam, tambour de basque, gong) (6 pages)</subfield>
            </datafield>
            
            
            
            
            <datafield ind1=' ' ind2='0' tag='650'>
              <subfield code = 'a'>Percussion ensembles</subfield>
                
                
                
              </datafield>
            <datafield ind1='1' ind2=' ' tag='700'>
              <subfield code = 'a'>Ginzburg, Dov, 1906-1989 (Composer)</subfield>
              
              <subfield code='4'>cmp</subfield>
              
              <subfield code = '0'>no2016022010</subfield>
            </datafield>
            <datafield ind1='4' ind2='2' tag='856'>
            <subfield code='z'>Search and Request</subfield>
            <subfield code = 'u'>https://findingaids.princeton.edu/catalog/aspace_7f72bddf00acf9107585e35c1df83340</subfield>
            <subfield code='y'>Princeton University Library Finding Aids</subfield>
            </datafield>
            <datafield ind1=' ' ind2=' ' tag='982'><subfield code='c'></subfield></datafield>
          </record>