
<record>
            <leader>00000ntmaa22000002u 4500</leader>
            <controlfield tag='001'>aspace_58c57abf8bbafe220ed8c918700a4862</controlfield>
            <controlfield tag='003'>PULFA</controlfield>
            <controlfield tag="008">000000e19751975xx      |           eng d</controlfield>
            <datafield ind1=' ' ind2=' ' tag='035'>
          <subfield code='a'>(PULFA)aspace_58c57abf8bbafe220ed8c918700a4862</subfield>
          </datafield>
            <datafield ind1=" " ind2=" " tag="040">
        <subfield code="a">NjP</subfield>
        <subfield code="b">eng</subfield>
        <subfield code="e">dacs</subfield>
        <subfield code="c">NjP</subfield>
        </datafield>
            <datafield ind1=' ' ind2=' ' tag='041'>
            <subfield code='c'>eng</subfield>
          </datafield>
            <datafield ind1=' ' ind2=' ' tag='046'>
                <subfield code='a'>i</subfield>
                <subfield code='c'>1975</subfield>
                <subfield code='e'>1975</subfield>
              </datafield>
            <datafield ind1=' ' ind2=' ' tag='099'>
          <subfield code = 'a'>aspace_58c57abf8bbafe220ed8c918700a4862</subfield>
          </datafield>
            <datafield ind1='1' ind2='0' tag='100'>
                  <subfield code = 'a'>Ginzburg, Dov, 1906-1989 (Composer)</subfield>
                  
                  <subfield code='4'>cmp</subfield>
                  
                  <subfield code = '0'>no2016022010</subfield>
                </datafield>
            <datafield ind1=' ' ind2=' ' tag='245'>
          <subfield code = 'a'>Prelude and two dances, ballet music for six percussion players</subfield>
          <subfield code = 'f'>1975</subfield>
          </datafield>
            <datafield ind1=" " ind2=" " tag="300">
              <subfield code="a">1</subfield>
              <subfield code="f">folder(s)</subfield>
              </datafield>
            <datafield ind1=' ' ind2=' ' tag='506'>
          <subfield code = 'a'>Collection is open for research use.</subfield>
          </datafield>
            <datafield ind1=' ' ind2=' ' tag='520'>
            <subfield code = 'a'>Photocopy of manuscript score for six percussion players</subfield>
            </datafield> <datafield ind1=' ' ind2=' ' tag='520'>
            <subfield code = 'a'>Percussion 1 part (vibraphone) (6 pages) + percussion 2 part (marimba and xylophone) (6 pages) + percussion 3 part (cymbal [susp.], 5 cow bells, wood block, bass drum [ped., con sord], hi-hat, schellen) (3 pages) + percussion 4 part (triangle, 5 temple blocks, glockenspiel, wood block) (6 pages) + percussion 5 part (chimes, claves, flexatone triangle, vibraphone) (4 pages) + percussion 6 part (4 pages)</subfield>
            </datafield> <datafield ind1=' ' ind2=' ' tag='520'>
            <subfield code = 'a'>1 copy of each part</subfield>
            </datafield>
            
            
            
            
            <datafield ind1=' ' ind2='0' tag='650'>
              <subfield code = 'a'>Dance accompaniment music</subfield>
                
                
                
              </datafield> <datafield ind1=' ' ind2='0' tag='650'>
              <subfield code = 'a'>Percussion ensembles</subfield>
                
                
                
              </datafield> <datafield ind1=' ' ind2='0' tag='650'>
              <subfield code = 'a'>Sextets</subfield>
                
                
                
              </datafield>
            <datafield ind1='1' ind2=' ' tag='700'>
              <subfield code = 'a'>Ginzburg, Dov, 1906-1989 (Composer)</subfield>
              
              <subfield code='4'>cmp</subfield>
              
              <subfield code = '0'>no2016022010</subfield>
            </datafield>
            <datafield ind1='4' ind2='2' tag='856'>
            <subfield code='z'>Search and Request</subfield>
            <subfield code = 'u'>https://findingaids.princeton.edu/catalog/aspace_58c57abf8bbafe220ed8c918700a4862</subfield>
            <subfield code='y'>Princeton University Library Finding Aids</subfield>
            </datafield>
            <datafield ind1=' ' ind2=' ' tag='982'><subfield code='c'></subfield></datafield>
          </record>