
<record>
            <leader>00000ntmaa22000002u 4500</leader>
            <controlfield tag='001'>aspace_4e155ebe1389a2dd9298e3fba4dab6cb</controlfield>
            <controlfield tag='003'>PULFA</controlfield>
            <controlfield tag="008">000000e19781978xx      |           eng d</controlfield>
            <datafield ind1=' ' ind2=' ' tag='035'>
          <subfield code='a'>(PULFA)aspace_4e155ebe1389a2dd9298e3fba4dab6cb</subfield>
          </datafield>
            <datafield ind1=" " ind2=" " tag="040">
        <subfield code="a">NjP</subfield>
        <subfield code="b">eng</subfield>
        <subfield code="e">dacs</subfield>
        <subfield code="c">NjP</subfield>
        </datafield>
            <datafield ind1=' ' ind2=' ' tag='041'>
            <subfield code='c'>eng</subfield>
          </datafield>
            <datafield ind1=' ' ind2=' ' tag='046'>
                <subfield code='a'>i</subfield>
                <subfield code='c'>1978</subfield>
                <subfield code='e'>1978</subfield>
              </datafield>
            <datafield ind1=' ' ind2=' ' tag='099'>
          <subfield code = 'a'>aspace_4e155ebe1389a2dd9298e3fba4dab6cb</subfield>
          </datafield>
            <datafield ind1='1' ind2='0' tag='100'>
                  <subfield code = 'a'>Ginzburg, Dov, 1906-1989 (Composer)</subfield>
                  
                  <subfield code='4'>arr</subfield>
                  
                  <subfield code = '0'>no2016022010</subfield>
                </datafield>
            <datafield ind1=' ' ind2=' ' tag='245'>
          <subfield code = 'a'>Two violin-studies by P. [Pesach] Ginzburg, transcribed and orchestrated for symphony orchestra</subfield>
          <subfield code = 'f'>1978</subfield>
          </datafield>
            <datafield ind1=" " ind2=" " tag="300">
              <subfield code="a">1</subfield>
              <subfield code="f">folder(s)</subfield>
              </datafield>
            <datafield ind1=' ' ind2=' ' tag='506'>
          <subfield code = 'a'>Collection is open for research use.</subfield>
          </datafield>
            <datafield ind1=' ' ind2=' ' tag='520'>
            <subfield code = 'a'>Photocopy of manuscript score for orchestra</subfield>
            </datafield>
            
            
            <datafield ind1=' ' ind2=' ' tag='545'>
              <subfield code = 'a'>"[Dov] Ginzburg arranged and published several works by his father, Pesach Ginzburg." (Tischler, Alice. A descriptive bibliography of art music by Israeli composers, 2011. 152)</subfield>
              </datafield>
            
            <datafield ind1=' ' ind2='0' tag='650'>
              <subfield code = 'a'>Arrangement (Music)</subfield>
                
                
                
              </datafield> <datafield ind1=' ' ind2='0' tag='650'>
              <subfield code = 'a'>Orchestral music </subfield>
                
                <subfield code = 'x'>Scores</subfield>
                
              </datafield> <datafield ind1=' ' ind2='0' tag='650'>
              <subfield code = 'a'>Violin </subfield>
                
                <subfield code = 'x'>Studies and exercises</subfield>
                
              </datafield>
            <datafield ind1='1' ind2=' ' tag='700'>
              <subfield code = 'a'>Ginzburg, Dov, 1906-1989 (Composer)</subfield>
              
              <subfield code='4'>arr</subfield>
              
              <subfield code = '0'>no2016022010</subfield>
            </datafield> <datafield ind1='1' ind2=' ' tag='700'>
              <subfield code = 'a'>Ginzburg, Pesach.</subfield>
              
              <subfield code='4'>cmp</subfield>
              <subfield code = '2'>local</subfield>
              
            </datafield> <datafield ind1='1' ind2='7' tag='600'>
              <subfield code = 'a'>Ginzburg, Pesach -- Arrangements.</subfield>
              
              
              <subfield code = '2'>local</subfield>
              
            </datafield>
            <datafield ind1='4' ind2='2' tag='856'>
            <subfield code='z'>Search and Request</subfield>
            <subfield code = 'u'>https://findingaids.princeton.edu/catalog/aspace_4e155ebe1389a2dd9298e3fba4dab6cb</subfield>
            <subfield code='y'>Princeton University Library Finding Aids</subfield>
            </datafield>
            <datafield ind1=' ' ind2=' ' tag='982'><subfield code='c'></subfield></datafield>
          </record>