
<record>
            <leader>00000ntmaa22000002u 4500</leader>
            <controlfield tag='001'>aspace_1a98977061b161f6857366f1276ddba1</controlfield>
            <controlfield tag='003'>PULFA</controlfield>
            <controlfield tag="008">000000e19751975xx      |           eng d</controlfield>
            <datafield ind1=' ' ind2=' ' tag='035'>
          <subfield code='a'>(PULFA)aspace_1a98977061b161f6857366f1276ddba1</subfield>
          </datafield>
            <datafield ind1=" " ind2=" " tag="040">
        <subfield code="a">NjP</subfield>
        <subfield code="b">eng</subfield>
        <subfield code="e">dacs</subfield>
        <subfield code="c">NjP</subfield>
        </datafield>
            <datafield ind1=' ' ind2=' ' tag='041'>
            <subfield code='c'>eng</subfield>
          </datafield>
            <datafield ind1=' ' ind2=' ' tag='046'>
                <subfield code='a'>i</subfield>
                <subfield code='c'>1975</subfield>
                <subfield code='e'>1975</subfield>
              </datafield>
            <datafield ind1=' ' ind2=' ' tag='099'>
          <subfield code = 'a'>aspace_1a98977061b161f6857366f1276ddba1</subfield>
          </datafield>
            <datafield ind1='1' ind2='0' tag='100'>
                  <subfield code = 'a'>Hod, Anatoli, 1936-</subfield>
                  
                  <subfield code='4'>cmp</subfield>
                  
                  <subfield code = '0'>no2003058165</subfield>
                </datafield>
            <datafield ind1=' ' ind2=' ' tag='245'>
          <subfield code = 'a'>אם אשכחך ירושלים = If I forget thee, o Jerusalem (Psalm CXXXVII) for voice and piano</subfield>
          <subfield code = 'f'>1975</subfield>
          </datafield>
            <datafield ind1=" " ind2=" " tag="300">
              <subfield code="a">1</subfield>
              <subfield code="f">folder(s)</subfield>
              </datafield>
            <datafield ind1=' ' ind2=' ' tag='506'>
          <subfield code = 'a'>Collection is open for research use.</subfield>
          </datafield>
            <datafield ind1=' ' ind2=' ' tag='520'>
            <subfield code = 'a'>Printed score for voice and piano</subfield>
            </datafield>
            
            
            
            
            <datafield ind1=' ' ind2='0' tag='650'>
              <subfield code = 'a'>Psalms (Music) </subfield>
                
                <subfield code = 'y'>137th Psalm</subfield>
                
              </datafield> <datafield ind1=' ' ind2='0' tag='650'>
              <subfield code = 'a'>Songs with piano</subfield>
                
                
                
              </datafield> <datafield ind1=' ' ind2='7' tag='655'>
              <subfield code = 'a'>Scores</subfield>
                
                
                <subfield code = '2'>lcgft</subfield>
              </datafield>
            <datafield ind1='1' ind2=' ' tag='700'>
              <subfield code = 'a'>Hod, Anatoli, 1936-</subfield>
              
              <subfield code='4'>cmp</subfield>
              
              <subfield code = '0'>no2003058165</subfield>
            </datafield> <datafield ind1='1' ind2=' ' tag='700'>
              <subfield code = 'a'>Kantorovicz, Max M.</subfield>
              
              <subfield code='4'>cov</subfield>
              <subfield code = '2'>local</subfield>
              
            </datafield> <datafield ind1='1' ind2='7' tag='600'>
              <subfield code = 'a'>Finkelstein, Eyton.</subfield>
              
              <subfield code='4'>dte</subfield>
              <subfield code = '2'>local</subfield>
              
            </datafield>
            <datafield ind1='4' ind2='2' tag='856'>
            <subfield code='z'>Search and Request</subfield>
            <subfield code = 'u'>https://findingaids.princeton.edu/catalog/aspace_1a98977061b161f6857366f1276ddba1</subfield>
            <subfield code='y'>Princeton University Library Finding Aids</subfield>
            </datafield>
            <datafield ind1=' ' ind2=' ' tag='982'><subfield code='c'></subfield></datafield>
          </record>