
<record>
            <leader>00000ntmaa22000002u 4500</leader>
            <controlfield tag='001'>aspace_3a59c1d2781e1c61f226a186f93fdc48</controlfield>
            <controlfield tag='003'>PULFA</controlfield>
            <controlfield tag="008">000000e19661966xx      |           heb d</controlfield>
            <datafield ind1=' ' ind2=' ' tag='035'>
          <subfield code='a'>(PULFA)aspace_3a59c1d2781e1c61f226a186f93fdc48</subfield>
          </datafield>
            <datafield ind1=" " ind2=" " tag="040">
        <subfield code="a">NjP</subfield>
        <subfield code="b">eng</subfield>
        <subfield code="e">dacs</subfield>
        <subfield code="c">NjP</subfield>
        </datafield>
            <datafield ind1=' ' ind2=' ' tag='041'>
            <subfield code='c'>heb</subfield>
          </datafield>
            <datafield ind1=' ' ind2=' ' tag='046'>
                <subfield code='a'>i</subfield>
                <subfield code='c'>1966</subfield>
                <subfield code='e'>1966</subfield>
              </datafield>
            <datafield ind1=' ' ind2=' ' tag='099'>
          <subfield code = 'a'>aspace_3a59c1d2781e1c61f226a186f93fdc48</subfield>
          </datafield>
            <datafield ind1='1' ind2='0' tag='100'>
                  <subfield code = 'a'>Holdheim, Theodore, 1923-1985.</subfield>
                  
                  <subfield code='4'>cmp</subfield>
                  
                  
                </datafield>
            <datafield ind1=' ' ind2=' ' tag='245'>
          <subfield code = 'a'>תרועה שיר ומחול לרבעיית מתכת = Call, air, and dance, for brass quartet</subfield>
          <subfield code = 'f'>1966</subfield>
          </datafield>
            <datafield ind1=" " ind2=" " tag="300">
              <subfield code="a">1</subfield>
              <subfield code="f">folder(s)</subfield>
              </datafield>
            <datafield ind1=' ' ind2=' ' tag='506'>
          <subfield code = 'a'>Collection is open for research use.</subfield>
          </datafield>
            <datafield ind1=' ' ind2=' ' tag='520'>
            <subfield code = 'a'>Photocopies of printed score for brass quartet (2 trumpets in C, horn in F, and trombone). Photocopies of printed part for trombone 1 (2 pages) and trombone 2 (2 pages). Photocopies of manuscript parts for two trumpets in Bb (4 pages), two trumpets in C (6 pages), horn in F (4 pages). 1 copy of each part.</subfield>
            </datafield>
            
            
            
            
            <datafield ind1=' ' ind2='0' tag='650'>
              <subfield code = 'a'>Brass quartets (Horn, trombone, trumpets (2)) </subfield>
                
                <subfield code = 'x'>Scores and parts</subfield>
                
              </datafield>
            <datafield ind1='1' ind2=' ' tag='700'>
              <subfield code = 'a'>Holdheim, Theodore, 1923-1985.</subfield>
              
              <subfield code='4'>cmp</subfield>
              
              
            </datafield>
            <datafield ind1='4' ind2='2' tag='856'>
            <subfield code='z'>Search and Request</subfield>
            <subfield code = 'u'>https://findingaids.princeton.edu/catalog/aspace_3a59c1d2781e1c61f226a186f93fdc48</subfield>
            <subfield code='y'>Princeton University Library Finding Aids</subfield>
            </datafield>
            <datafield ind1=' ' ind2=' ' tag='982'><subfield code='c'></subfield></datafield>
          </record>