
<record>
            <leader>00000ntmaa22000002u 4500</leader>
            <controlfield tag='001'>aspace_154ecaa3340e27556d5d16fafb46b39f</controlfield>
            <controlfield tag='003'>PULFA</controlfield>
            <controlfield tag="008">000000e19671967xx      |           eng d</controlfield>
            <datafield ind1=' ' ind2=' ' tag='035'>
          <subfield code='a'>(PULFA)aspace_154ecaa3340e27556d5d16fafb46b39f</subfield>
          </datafield>
            <datafield ind1=" " ind2=" " tag="040">
        <subfield code="a">NjP</subfield>
        <subfield code="b">eng</subfield>
        <subfield code="e">dacs</subfield>
        <subfield code="c">NjP</subfield>
        </datafield>
            <datafield ind1=' ' ind2=' ' tag='041'>
            <subfield code='c'>eng</subfield>
          </datafield>
            <datafield ind1=' ' ind2=' ' tag='046'>
                <subfield code='a'>i</subfield>
                <subfield code='c'>1967</subfield>
                <subfield code='e'>1967</subfield>
              </datafield>
            <datafield ind1=' ' ind2=' ' tag='099'>
          <subfield code = 'a'>aspace_154ecaa3340e27556d5d16fafb46b39f</subfield>
          </datafield>
            <datafield ind1='1' ind2='0' tag='100'>
                  <subfield code = 'a'>Holdheim, Theodore, 1923-1985.</subfield>
                  
                  <subfield code='4'>arr</subfield>
                  
                  
                </datafield>
            <datafield ind1=' ' ind2=' ' tag='245'>
          <subfield code = 'a'>Fuga (J. S. Bach)</subfield>
          <subfield code = 'f'>1967</subfield>
          </datafield>
            <datafield ind1=" " ind2=" " tag="300">
              <subfield code="a">1</subfield>
              <subfield code="f">folder(s)</subfield>
              </datafield>
            <datafield ind1=' ' ind2=' ' tag='506'>
          <subfield code = 'a'>Collection is open for research use.</subfield>
          </datafield>
            <datafield ind1=' ' ind2=' ' tag='520'>
            <subfield code = 'a'>Photocopy of manuscript score for two trumpets, trombone, and horn in C</subfield>
            </datafield>
            
            
            
            
            <datafield ind1=' ' ind2='0' tag='650'>
              <subfield code = 'a'>Brass quartets</subfield>
                
                
                
              </datafield> <datafield ind1=' ' ind2='0' tag='650'>
              <subfield code = 'a'>Canons, fugues, etc.</subfield>
                
                
                
              </datafield>
            <datafield ind1='1' ind2=' ' tag='700'>
              <subfield code = 'a'>Holdheim, Theodore, 1923-1985.</subfield>
              
              <subfield code='4'>arr</subfield>
              
              
            </datafield> <datafield ind1='1' ind2=' ' tag='700'>
              <subfield code = 'a'>Bach, Johann Sebastian, 1685-1750 -- Arrangements.</subfield>
              
              <subfield code='4'>cmp</subfield>
              
              <subfield code = '0'>n 79021425</subfield>
            </datafield>
            <datafield ind1='4' ind2='2' tag='856'>
            <subfield code='z'>Search and Request</subfield>
            <subfield code = 'u'>https://findingaids.princeton.edu/catalog/aspace_154ecaa3340e27556d5d16fafb46b39f</subfield>
            <subfield code='y'>Princeton University Library Finding Aids</subfield>
            </datafield>
            <datafield ind1=' ' ind2=' ' tag='982'><subfield code='c'></subfield></datafield>
          </record>