
<record>
            <leader>00000ntmaa22000002u 4500</leader>
            <controlfield tag='001'>aspace_e371645df72cc75c1df4d069b2e33f1a</controlfield>
            <controlfield tag='003'>PULFA</controlfield>
            <controlfield tag="008">000000e19541954xx      |           rum d</controlfield>
            <datafield ind1=' ' ind2=' ' tag='035'>
          <subfield code='a'>(PULFA)aspace_e371645df72cc75c1df4d069b2e33f1a</subfield>
          </datafield>
            <datafield ind1=" " ind2=" " tag="040">
        <subfield code="a">NjP</subfield>
        <subfield code="b">eng</subfield>
        <subfield code="e">dacs</subfield>
        <subfield code="c">NjP</subfield>
        </datafield>
            <datafield ind1=' ' ind2=' ' tag='041'>
            <subfield code='c'>rum</subfield>
          </datafield>
            <datafield ind1=' ' ind2=' ' tag='046'>
                <subfield code='a'>i</subfield>
                <subfield code='c'>1954</subfield>
                <subfield code='e'>1954</subfield>
              </datafield>
            <datafield ind1=' ' ind2=' ' tag='099'>
          <subfield code = 'a'>aspace_e371645df72cc75c1df4d069b2e33f1a</subfield>
          </datafield>
            <datafield ind1='1' ind2='0' tag='100'>
                  <subfield code = 'a'>Shapira, Sergiu.</subfield>
                  
                  <subfield code='4'>cmp</subfield>
                  
                  <subfield code = '0'>no2004121556</subfield>
                </datafield>
            <datafield ind1=' ' ind2=' ' tag='245'>
          <subfield code = 'a'>Bagatelă</subfield>
          <subfield code = 'f'>1954</subfield>
          </datafield>
            <datafield ind1=" " ind2=" " tag="300">
              <subfield code="a">1</subfield>
              <subfield code="f">folder(s)</subfield>
              </datafield>
            <datafield ind1=' ' ind2=' ' tag='506'>
          <subfield code = 'a'>Collection is open for research use.</subfield>
          </datafield>
            <datafield ind1=' ' ind2=' ' tag='520'>
            <subfield code = 'a'>Photocopy of printed score for solo piano.</subfield>
            </datafield>
            
            
            
            
            <datafield ind1=' ' ind2='7' tag='655'>
              <subfield code = 'a'>Bagatelles (Music)</subfield>
                
                
                <subfield code = '2'>lcgft</subfield>
              </datafield> <datafield ind1=' ' ind2='0' tag='650'>
              <subfield code = 'a'>Piano music</subfield>
                
                
                
              </datafield>
            <datafield ind1='1' ind2=' ' tag='700'>
              <subfield code = 'a'>Shapira, Sergiu.</subfield>
              
              <subfield code='4'>cmp</subfield>
              
              <subfield code = '0'>no2004121556</subfield>
            </datafield>
            <datafield ind1='4' ind2='2' tag='856'>
            <subfield code='z'>Search and Request</subfield>
            <subfield code = 'u'>https://findingaids.princeton.edu/catalog/aspace_e371645df72cc75c1df4d069b2e33f1a</subfield>
            <subfield code='y'>Princeton University Library Finding Aids</subfield>
            </datafield>
            <datafield ind1=' ' ind2=' ' tag='982'><subfield code='c'></subfield></datafield>
          </record>