
<record>
            <leader>00000ntmaa22000002u 4500</leader>
            <controlfield tag='001'>aspace_6dcb752a83c51e1f44a4c548f30c55af</controlfield>
            <controlfield tag='003'>PULFA</controlfield>
            <controlfield tag="008">000000e19971997xx      |           ger d</controlfield>
            <datafield ind1=' ' ind2=' ' tag='035'>
          <subfield code='a'>(PULFA)aspace_6dcb752a83c51e1f44a4c548f30c55af</subfield>
          </datafield>
            <datafield ind1=" " ind2=" " tag="040">
        <subfield code="a">NjP</subfield>
        <subfield code="b">eng</subfield>
        <subfield code="e">dacs</subfield>
        <subfield code="c">NjP</subfield>
        </datafield>
            <datafield ind1=' ' ind2=' ' tag='041'>
            <subfield code='c'>ger</subfield>
          </datafield>
            <datafield ind1=' ' ind2=' ' tag='046'>
                <subfield code='a'>i</subfield>
                <subfield code='c'>1997</subfield>
                <subfield code='e'>1997</subfield>
              </datafield>
            <datafield ind1=' ' ind2=' ' tag='099'>
          <subfield code = 'a'>aspace_6dcb752a83c51e1f44a4c548f30c55af</subfield>
          </datafield>
            <datafield ind1='1' ind2='0' tag='100'>
                  <subfield code = 'a'>Sheriff, Noam, 1935-2018.</subfield>
                  
                  <subfield code='4'>cmp</subfield>
                  
                  <subfield code = '0'>n 83056875</subfield>
                </datafield>
            <datafield ind1=' ' ind2=' ' tag='245'>
          <subfield code = 'a'>Akeda (Die Opferung Isaaks), Passacaglia für Orcḥester</subfield>
          <subfield code = 'f'>1997</subfield>
          </datafield>
            <datafield ind1=" " ind2=" " tag="300">
              <subfield code="a">1</subfield>
              <subfield code="f">folder(s)</subfield>
              </datafield>
            <datafield ind1=' ' ind2=' ' tag='506'>
          <subfield code = 'a'>Collection is open for research use.</subfield>
          </datafield>
            <datafield ind1=' ' ind2=' ' tag='520'>
            <subfield code = 'a'>Printed score for orchestra (piccolo, 2 flutes, 2 oboes, cor anglais, 2 clarinets, bass clarinet, 2 bassoons, contrabassoon, 4 horns, 3 trombones, tuba, timpani, percussion, harp, violin 1, violin 2, viola, cello, bass).</subfield>
            </datafield>
            
            
            
            
            <datafield ind1=' ' ind2='0' tag='650'>
              <subfield code = 'a'>Passacaglias (Orchestra)</subfield>
                
                
                
              </datafield> <datafield ind1=' ' ind2='0' tag='650'>
              <subfield code = 'a'>Orchestral music </subfield>
                
                <subfield code = 'x'>Scores</subfield>
                
              </datafield> <datafield ind1=' ' ind2='0' tag='650'>
              <subfield code = 'a'>Variations (Orchestra)</subfield>
                
                
                
              </datafield>
            <datafield ind1='1' ind2=' ' tag='700'>
              <subfield code = 'a'>Sheriff, Noam, 1935-2018.</subfield>
              
              <subfield code='4'>cmp</subfield>
              
              <subfield code = '0'>n 83056875</subfield>
            </datafield> <datafield ind1='1' ind2='7' tag='600'>
              <subfield code = 'a'>Rabin, Yitzhak, 1922-1995.</subfield>
              
              <subfield code='4'>dte</subfield>
              <subfield code = '2'>ingest</subfield>
              
            </datafield> <datafield ind1='1' ind2='7' tag='600'>
              <subfield code = 'a'>Abraham, (Biblical patriarch)</subfield>
              
              
              <subfield code = '2'>ingest</subfield>
              
            </datafield> <datafield ind1='1' ind2='7' tag='600'>
              <subfield code = 'a'>Isaac, (Biblical patriarch)</subfield>
              
              
              <subfield code = '2'>ingest</subfield>
              
            </datafield>
            <datafield ind1='4' ind2='2' tag='856'>
            <subfield code='z'>Search and Request</subfield>
            <subfield code = 'u'>https://findingaids.princeton.edu/catalog/aspace_6dcb752a83c51e1f44a4c548f30c55af</subfield>
            <subfield code='y'>Princeton University Library Finding Aids</subfield>
            </datafield>
            <datafield ind1=' ' ind2=' ' tag='982'><subfield code='c'></subfield></datafield>
          </record>