
<record>
            <leader>00000ntmaa22000002u 4500</leader>
            <controlfield tag='001'>aspace_1d8f67d033c5b55171c6f550bf4d99ad</controlfield>
            <controlfield tag='003'>PULFA</controlfield>
            <controlfield tag="008">000000e19591959xx      |           eng d</controlfield>
            <datafield ind1=' ' ind2=' ' tag='035'>
          <subfield code='a'>(PULFA)aspace_1d8f67d033c5b55171c6f550bf4d99ad</subfield>
          </datafield>
            <datafield ind1=" " ind2=" " tag="040">
        <subfield code="a">NjP</subfield>
        <subfield code="b">eng</subfield>
        <subfield code="e">dacs</subfield>
        <subfield code="c">NjP</subfield>
        </datafield>
            <datafield ind1=' ' ind2=' ' tag='041'>
            <subfield code='c'>eng</subfield>
          </datafield>
            <datafield ind1=' ' ind2=' ' tag='046'>
                <subfield code='a'>i</subfield>
                <subfield code='c'>1959</subfield>
                <subfield code='e'>1959</subfield>
              </datafield>
            <datafield ind1=' ' ind2=' ' tag='099'>
          <subfield code = 'a'>aspace_1d8f67d033c5b55171c6f550bf4d99ad</subfield>
          </datafield>
            <datafield ind1='1' ind2='7' tag='100'>
                  <subfield code = 'a'>Steinberg, Zeev, 1918-2011.</subfield>
                  
                  <subfield code='4'>cmp</subfield>
                  <subfield code = '2'>viaf</subfield>
                  <subfield code = '0'>120307688</subfield>
                </datafield>
            <datafield ind1=' ' ind2=' ' tag='245'>
          <subfield code = 'a'>Canonic pieces for stringquartet or stringorchestra</subfield>
          <subfield code = 'f'>1959</subfield>
          </datafield>
            <datafield ind1=" " ind2=" " tag="300">
              <subfield code="a">1</subfield>
              <subfield code="f">folder(s)</subfield>
              </datafield>
            <datafield ind1=' ' ind2=' ' tag='506'>
          <subfield code = 'a'>Collection is open for research use.</subfield>
          </datafield>
            <datafield ind1=' ' ind2=' ' tag='520'>
            <subfield code = 'a'>Photocopy of manuscript score for string quartet or string orchestra (violin 1, violin 2, viola, cello, double bass).</subfield>
            </datafield>
            
            
            
            
            <datafield ind1=' ' ind2='7' tag='650'>
              <subfield code = 'a'>String quartets</subfield>
                
                
                <subfield code = '2'>LCSH</subfield>
              </datafield> <datafield ind1=' ' ind2='0' tag='650'>
              <subfield code = 'a'>String orchestra music</subfield>
                
                
                
              </datafield> <datafield ind1=' ' ind2='7' tag='655'>
              <subfield code = 'a'>Scores</subfield>
                
                
                <subfield code = '2'>lcgft</subfield>
              </datafield>
            <datafield ind1='1' ind2=' ' tag='700'>
              <subfield code = 'a'>Steinberg, Zeev, 1918-2011.</subfield>
              
              <subfield code='4'>cmp</subfield>
              <subfield code = '2'>viaf</subfield>
              <subfield code = '0'>120307688</subfield>
            </datafield>
            <datafield ind1='4' ind2='2' tag='856'>
            <subfield code='z'>Search and Request</subfield>
            <subfield code = 'u'>https://findingaids.princeton.edu/catalog/aspace_1d8f67d033c5b55171c6f550bf4d99ad</subfield>
            <subfield code='y'>Princeton University Library Finding Aids</subfield>
            </datafield>
            <datafield ind1=' ' ind2=' ' tag='982'><subfield code='c'></subfield></datafield>
          </record>