
<record>
            <leader>00000ntmaa22000002u 4500</leader>
            <controlfield tag='001'>aspace_198154a9af6fe465540af8e09c0e4cdd</controlfield>
            <controlfield tag='003'>PULFA</controlfield>
            <controlfield tag="008">000000e19691969xx      |           heb d</controlfield>
            <datafield ind1=' ' ind2=' ' tag='035'>
          <subfield code='a'>(PULFA)aspace_198154a9af6fe465540af8e09c0e4cdd</subfield>
          </datafield>
            <datafield ind1=" " ind2=" " tag="040">
        <subfield code="a">NjP</subfield>
        <subfield code="b">eng</subfield>
        <subfield code="e">dacs</subfield>
        <subfield code="c">NjP</subfield>
        </datafield>
            <datafield ind1=' ' ind2=' ' tag='041'>
            <subfield code='c'>heb</subfield>
          </datafield>
            <datafield ind1=' ' ind2=' ' tag='046'>
                <subfield code='a'>i</subfield>
                <subfield code='c'>1969</subfield>
                <subfield code='e'>1969</subfield>
              </datafield>
            <datafield ind1=' ' ind2=' ' tag='099'>
          <subfield code = 'a'>aspace_198154a9af6fe465540af8e09c0e4cdd</subfield>
          </datafield>
            <datafield ind1='1' ind2='7' tag='100'>
                  <subfield code = 'a'>Steinberg, Zeev, 1918-2011.</subfield>
                  
                  <subfield code='4'>cmp</subfield>
                  <subfield code = '2'>viaf</subfield>
                  <subfield code = '0'>120307688</subfield>
                </datafield>
            <datafield ind1=' ' ind2=' ' tag='245'>
          <subfield code = 'a'>מעשה ברחב והמרגלים, לקרין, לזמרת ולאנסמבל קאמרי = The story of rahab and the spies, for narrator, singer and chamber ensemble</subfield>
          <subfield code = 'f'>1969</subfield>
          </datafield>
            <datafield ind1=" " ind2=" " tag="300">
              <subfield code="a">1</subfield>
              <subfield code="f">folder(s)</subfield>
              </datafield>
            <datafield ind1=' ' ind2=' ' tag='506'>
          <subfield code = 'a'>Collection is open for research use.</subfield>
          </datafield>
            <datafield ind1=' ' ind2=' ' tag='520'>
            <subfield code = 'a'>Photocopy of manuscript score for narrator, voice, and chamber ensemble.</subfield>
            </datafield>
            
            
            
            
            <datafield ind1=' ' ind2='0' tag='650'>
              <subfield code = 'a'>Monologues with music (Voice with instrumental ensemble)</subfield>
                
                
                
              </datafield> <datafield ind1=' ' ind2='7' tag='655'>
              <subfield code = 'a'>Scores</subfield>
                
                
                <subfield code = '2'>lcgft</subfield>
              </datafield>
            <datafield ind1='1' ind2=' ' tag='700'>
              <subfield code = 'a'>Steinberg, Zeev, 1918-2011.</subfield>
              
              <subfield code='4'>cmp</subfield>
              <subfield code = '2'>viaf</subfield>
              <subfield code = '0'>120307688</subfield>
            </datafield> <datafield ind1='1' ind2='0' tag='600'>
              <subfield code = 'a'>Rahab, (Biblical figure)</subfield>
              
              
              
              
            </datafield>
            <datafield ind1='4' ind2='2' tag='856'>
            <subfield code='z'>Search and Request</subfield>
            <subfield code = 'u'>https://findingaids.princeton.edu/catalog/aspace_198154a9af6fe465540af8e09c0e4cdd</subfield>
            <subfield code='y'>Princeton University Library Finding Aids</subfield>
            </datafield>
            <datafield ind1=' ' ind2=' ' tag='982'><subfield code='c'></subfield></datafield>
          </record>