
<record>
            <leader>00000nimaa22000002u 4500</leader>
            <controlfield tag='001'>aspace_ef35b585ae5d224371c8f286b1d633c7</controlfield>
            <controlfield tag='003'>PULFA</controlfield>
            <controlfield tag="008">000000e20112011xx      |           eng d</controlfield>
            <datafield ind1=' ' ind2=' ' tag='035'>
          <subfield code='a'>(PULFA)aspace_ef35b585ae5d224371c8f286b1d633c7</subfield>
          </datafield>
            <datafield ind1=" " ind2=" " tag="040">
        <subfield code="a">NjP</subfield>
        <subfield code="b">eng</subfield>
        <subfield code="e">dacs</subfield>
        <subfield code="c">NjP</subfield>
        </datafield>
            <datafield ind1=' ' ind2=' ' tag='041'>
            <subfield code='c'>eng</subfield>
          </datafield>
            <datafield ind1=' ' ind2=' ' tag='046'>
                <subfield code='a'>i</subfield>
                <subfield code='c'>2011</subfield>
                <subfield code='e'>2011</subfield>
              </datafield>
            <datafield ind1=' ' ind2=' ' tag='099'>
          <subfield code = 'a'>aspace_ef35b585ae5d224371c8f286b1d633c7</subfield>
          </datafield>
            <datafield ind1='1' ind2='0' tag='100'>
                  <subfield code = 'a'>Peles, Yossi.</subfield>
                  
                  <subfield code='4'>cmp</subfield>
                  
                  <subfield code = '0'>n 2004077225</subfield>
                </datafield>
            <datafield ind1=' ' ind2=' ' tag='245'>
          <subfield code = 'a'>6 works / Yossi Peles</subfield>
          <subfield code = 'f'>2011</subfield>
          </datafield>
            
            <datafield ind1=' ' ind2=' ' tag='506'>
          <subfield code = 'a'>Collection is open for research use.</subfield>
          </datafield>
            <datafield ind1=' ' ind2=' ' tag='520'>
            <subfield code = 'a'>Three variations (out of five) for orchestra : 1997 (IBA Symphony Orchestra ; David Epstein, conductor) -- Fantasia on five chords : for horn, trumpet, trombone and tuba : 1976 (members of the Albany Quintet) -- Variations II for piano, 1977 (Bart Berman) -- Fantasia on twelve pitches : for 12 players, 1980 (Ensemble Musica Nova ; Ze'ev Dorman, conductor) -- Introversion : music for piano, 1990 (Yossi Peles) -- In memory of Emil Grünzweig : five short songs for contralto and four instruments, 1983 (Bracha Kol, contralto ; Adi Zektzer, clarinet ; Orli Glauber-Yidan, bass-clarinet ; Maria-Isabella Ordenung, violin ; Shaul Schwartz, violoncello)</subfield>
            </datafield>
            
            
            
            
            
            <datafield ind1='1' ind2=' ' tag='700'>
              <subfield code = 'a'>Peles, Yossi.</subfield>
              
              <subfield code='4'>cmp</subfield>
              
              <subfield code = '0'>n 2004077225</subfield>
            </datafield> <datafield ind1='1' ind2=' ' tag='700'>
              <subfield code = 'a'>Epstein, David, 1930-2002.</subfield>
              
              <subfield code='4'>cnd</subfield>
              
              <subfield code = '0'>n 85006007</subfield>
            </datafield> <datafield ind1='1' ind2=' ' tag='700'>
              <subfield code = 'a'>Berman, Bart.</subfield>
              
              <subfield code='4'>prf</subfield>
              
              <subfield code = '0'>n 96005560</subfield>
            </datafield> <datafield ind1='1' ind2=' ' tag='700'>
              <subfield code = 'a'>Kol, Bracha.</subfield>
              
              <subfield code='4'>prf</subfield>
              <subfield code = '2'>naf</subfield>
              <subfield code = '0'>no2010070585</subfield>
            </datafield> <datafield ind1='2' ind2=' ' tag='710'>
              <subfield code = 'a'>Israel. Rashut ha-shidur. Tizmoret.</subfield>
              
              <subfield code='4'>prf</subfield>
              <subfield code = '2'>naf</subfield>
              <subfield code = '0'>n 88678276</subfield>
            </datafield> <datafield ind1='2' ind2=' ' tag='710'>
              <subfield code = 'a'>Musica Nova (Musical group) (Israel)</subfield>
              
              <subfield code='4'>prf</subfield>
              <subfield code = '2'>naf</subfield>
              <subfield code = '0'>n 2011075921</subfield>
            </datafield> <datafield ind1='1' ind2=' ' tag='700'>
              <subfield code = 'a'>Yevi.</subfield>
              
              <subfield code='4'>lyr</subfield>
              
              <subfield code = '0'>n 85142638</subfield>
            </datafield>
            <datafield ind1='4' ind2='2' tag='856'>
            <subfield code='z'>Search and Request</subfield>
            <subfield code = 'u'>https://findingaids.princeton.edu/catalog/aspace_ef35b585ae5d224371c8f286b1d633c7</subfield>
            <subfield code='y'>Princeton University Library Finding Aids</subfield>
            </datafield>
            <datafield ind1=' ' ind2=' ' tag='982'><subfield code='c'></subfield></datafield>
          </record>