
<record>
            <leader>00000nimaa22000002u 4500</leader>
            <controlfield tag='001'>aspace_700589a52538ae2da7294a1887f8cdfb</controlfield>
            <controlfield tag='003'>PULFA</controlfield>
            <controlfield tag="008">000000e20022002xx      |           eng d</controlfield>
            <datafield ind1=' ' ind2=' ' tag='035'>
          <subfield code='a'>(PULFA)aspace_700589a52538ae2da7294a1887f8cdfb</subfield>
          </datafield>
            <datafield ind1=" " ind2=" " tag="040">
        <subfield code="a">NjP</subfield>
        <subfield code="b">eng</subfield>
        <subfield code="e">dacs</subfield>
        <subfield code="c">NjP</subfield>
        </datafield>
            <datafield ind1=' ' ind2=' ' tag='041'>
            <subfield code='c'>eng</subfield>
          </datafield>
            <datafield ind1=' ' ind2=' ' tag='046'>
                <subfield code='a'>i</subfield>
                <subfield code='c'>2002</subfield>
                <subfield code='e'>2002</subfield>
              </datafield>
            <datafield ind1=' ' ind2=' ' tag='099'>
          <subfield code = 'a'>aspace_700589a52538ae2da7294a1887f8cdfb</subfield>
          </datafield>
            <datafield ind1='1' ind2='0' tag='100'>
                  <subfield code = 'a'>Shohat, Gil, 1973-</subfield>
                  
                  <subfield code='4'>cmp</subfield>
                  
                  <subfield code = '0'>no2005009548</subfield>
                </datafield>
            <datafield ind1=' ' ind2=' ' tag='245'>
          <subfield code = 'a'>Alpha and omega</subfield>
          <subfield code = 'f'>2002</subfield>
          </datafield>
            <datafield ind1=" " ind2=" " tag="300">
              <subfield code="a">5</subfield>
              <subfield code="f">CD(s)</subfield>
              </datafield>
            <datafield ind1=' ' ind2=' ' tag='506'>
          <subfield code = 'a'>Collection is open for research use.</subfield>
          </datafield>
            <datafield ind1=' ' ind2=' ' tag='520'>
            <subfield code = 'a'>V. 1. Alpha and Omega -- V. 2. Alpha and Omega (conclusion). Preludes, book 1 / Debussy (arr. Shohat). Four arias from "Alpha and Omega" (voice and piano) -- V. 3. Israeli symphony (symphony no.1). Concertino for violin and orchestra -- V. 4. Vocalisa on ancient lamentations. The water's surface. bright winter. Sparks from the beyond Concertino for piano and orchestra -- V. 5. The symphony of Fire. Lacrimosa. Three waltzes. Three improvisations on paintings. The kiss of Salome. O ye dry bones (symphonic poem).</subfield>
            </datafield>
            
            
            
            
            
            <datafield ind1='1' ind2=' ' tag='700'>
              <subfield code = 'a'>Shohat, Gil, 1973-</subfield>
              
              <subfield code='4'>cmp</subfield>
              
              <subfield code = '0'>no2005009548</subfield>
            </datafield>
            <datafield ind1='4' ind2='2' tag='856'>
            <subfield code='z'>Search and Request</subfield>
            <subfield code = 'u'>https://findingaids.princeton.edu/catalog/aspace_700589a52538ae2da7294a1887f8cdfb</subfield>
            <subfield code='y'>Princeton University Library Finding Aids</subfield>
            </datafield>
            <datafield ind1=' ' ind2=' ' tag='982'><subfield code='c'></subfield></datafield>
          </record>