
<record>
            <leader>00000nimaa22000002u 4500</leader>
            <controlfield tag='001'>aspace_32c4fb649f9448fa750473dbd66f9934</controlfield>
            <controlfield tag='003'>PULFA</controlfield>
            <controlfield tag="008">000000e20042004xx      |           ara d</controlfield>
            <datafield ind1=' ' ind2=' ' tag='035'>
          <subfield code='a'>(PULFA)aspace_32c4fb649f9448fa750473dbd66f9934</subfield>
          </datafield>
            <datafield ind1=" " ind2=" " tag="040">
        <subfield code="a">NjP</subfield>
        <subfield code="b">eng</subfield>
        <subfield code="e">dacs</subfield>
        <subfield code="c">NjP</subfield>
        </datafield>
            <datafield ind1=' ' ind2=' ' tag='041'>
            <subfield code='c'>ara</subfield>
          </datafield>
            <datafield ind1=' ' ind2=' ' tag='046'>
                <subfield code='a'>i</subfield>
                <subfield code='c'>2004</subfield>
                <subfield code='e'>2004</subfield>
              </datafield>
            <datafield ind1=' ' ind2=' ' tag='099'>
          <subfield code = 'a'>aspace_32c4fb649f9448fa750473dbd66f9934</subfield>
          </datafield>
            <datafield ind1='1' ind2='0' tag='100'>
                  <subfield code = 'a'>Fleischer, Tsippi, 1946-</subfield>
                  
                  <subfield code='4'>cmp</subfield>
                  
                  <subfield code = '0'>n 92110571</subfield>
                </datafield>
            <datafield ind1=' ' ind2=' ' tag='245'>
          <subfield code = 'a'>Arabische Texturen : art music settings of Arabic poetry</subfield>
          <subfield code = 'f'>2004</subfield>
          </datafield>
            
            <datafield ind1=' ' ind2=' ' tag='506'>
          <subfield code = 'a'>Collection is open for research use.</subfield>
          </datafield>
            <datafield ind1=' ' ind2=' ' tag='520'>
            <subfield code = 'a'>Credo (:22) -- Ballade vom erwarteten Tod in Kairo = Ballad of expected death in Cairo : (1987) (13:17) -- Einem Mädchen träumte, es sei ein Schmetterling = A girl dreamed she was a butterfly : (1977/84) (2:40) -- Wie zwei Zweige : Gedicht = Like two branches : poem (1:52) -- Wie zwei Zweige : Kantate (1989) = Like two branches : cantata. Introduction ; Noch trabt sein Pferd = Your swiftly-saddled horse ; Du tränkst deinen Speer = You appease the thirsty spear ; Ballett ; Im Schatten seines Baumes = In the shade of a tree ; Wenn die Sonne aufgeht = Every morning at sunrise ; Ewig werd' ich dich beweinen = I shall weep for you (42:00)</subfield>
            </datafield>
            
            
            
            
            
            <datafield ind1='1' ind2=' ' tag='700'>
              <subfield code = 'a'>Fleischer, Tsippi, 1946-</subfield>
              
              <subfield code='4'>cmp</subfield>
              
              <subfield code = '0'>n 92110571</subfield>
            </datafield> <datafield ind1='1' ind2=' ' tag='700'>
              <subfield code = 'a'>Glab, Elisabeth.</subfield>
              
              <subfield code='4'>prf</subfield>
              
              <subfield code = '0'>nr 93027728</subfield>
            </datafield> <datafield ind1='1' ind2=' ' tag='700'>
              <subfield code = 'a'>Zygel, Jean-François.</subfield>
              
              <subfield code='4'>prf</subfield>
              
              <subfield code = '0'>no 97010771</subfield>
            </datafield> <datafield ind1='1' ind2=' ' tag='700'>
              <subfield code = 'a'>Ganz, Isabelle.</subfield>
              
              <subfield code='4'>prf</subfield>
              
              <subfield code = '0'>n 82009214</subfield>
            </datafield> <datafield ind1='1' ind2=' ' tag='700'>
              <subfield code = 'a'>Itai, Avner.</subfield>
              
              <subfield code='4'>cnd</subfield>
              
              <subfield code = '0'>n 88678404</subfield>
            </datafield> <datafield ind1='1' ind2=' ' tag='700'>
              <subfield code = 'a'>Wilgowicz, Gérard, 1945-</subfield>
              
              <subfield code='4'>cmp</subfield>
              
              <subfield code = '0'>n 95045822</subfield>
            </datafield> <datafield ind1='2' ind2=' ' tag='710'>
              <subfield code = 'a'>Zamare Ḳameron.</subfield>
              
              <subfield code='4'>prf</subfield>
              
              <subfield code = '0'>n 88678432</subfield>
            </datafield> <datafield ind1='2' ind2=' ' tag='710'>
              <subfield code = 'a'>Maḳhelat ha-Iḥud.</subfield>
              
              <subfield code='4'>prf</subfield>
              
              <subfield code = '0'>n 95045813</subfield>
            </datafield>
            <datafield ind1='4' ind2='2' tag='856'>
            <subfield code='z'>Search and Request</subfield>
            <subfield code = 'u'>https://findingaids.princeton.edu/catalog/aspace_32c4fb649f9448fa750473dbd66f9934</subfield>
            <subfield code='y'>Princeton University Library Finding Aids</subfield>
            </datafield>
            <datafield ind1=' ' ind2=' ' tag='982'><subfield code='c'></subfield></datafield>
          </record>