
<record>
            <leader>00000nimaa22000002u 4500</leader>
            <controlfield tag='001'>aspace_12bf7af5113403ca0d897299f94699c9</controlfield>
            <controlfield tag='003'>PULFA</controlfield>
            <controlfield tag="008">000000e19971997xx      |           heb d</controlfield>
            <datafield ind1=' ' ind2=' ' tag='035'>
          <subfield code='a'>(PULFA)aspace_12bf7af5113403ca0d897299f94699c9</subfield>
          </datafield>
            <datafield ind1=" " ind2=" " tag="040">
        <subfield code="a">NjP</subfield>
        <subfield code="b">eng</subfield>
        <subfield code="e">dacs</subfield>
        <subfield code="c">NjP</subfield>
        </datafield>
            <datafield ind1=' ' ind2=' ' tag='041'>
            <subfield code='c'>heb</subfield>
          </datafield>
            <datafield ind1=' ' ind2=' ' tag='046'>
                <subfield code='a'>i</subfield>
                <subfield code='c'>1997</subfield>
                <subfield code='e'>1997</subfield>
              </datafield>
            <datafield ind1=' ' ind2=' ' tag='099'>
          <subfield code = 'a'>aspace_12bf7af5113403ca0d897299f94699c9</subfield>
          </datafield>
            <datafield ind1='1' ind2='0' tag='100'>
                  <subfield code = 'a'>Fleischer, Tsippi, 1946-</subfield>
                  
                  <subfield code='4'>cmp</subfield>
                  
                  <subfield code = '0'>n 92110571</subfield>
                </datafield>
            <datafield ind1=' ' ind2=' ' tag='245'>
          <subfield code = 'a'>Around the world with Tsippi Fleischer</subfield>
          <subfield code = 'f'>1997</subfield>
          </datafield>
            
            <datafield ind1=' ' ind2=' ' tag='506'>
          <subfield code = 'a'>Collection is open for research use.</subfield>
          </datafield>
            <datafield ind1=' ' ind2=' ' tag='520'>
            <subfield code = 'a'>In chromatic mood : [for piano] 1986 -- Masks and pipes : [for recorder] 1995 -- The clock wants to sleep : [for children's choir] 1981 [sung in Hebrew] -- Resuscitation : five miniatures for solo cello : 1981 -- 7 of 10 Fragments : for oboe, clarinet and bassoon (1984) -- Girl-butterfly-girl. Piece of earth : [for mezzo-soprano, flute, and guitar] (1977/92) [sung in Arabic] -- Ballad of expected death in Cairo : [for tenor, 3 violins, and piano] 1987 [sung in Arabic] -- To the fruit of my land : [for guitar] 1981 -- War : [for winds instruments and percussion] 1988 -- Mein Volk : [for mezzo-soprano and guitar] 1995 [sung in German] -- Girl-butterfly-girl : [for mezzo-soprano, flute, and violoncello] (1977/96). Piece of earth, The coffin with its lid remote [sung in Arabic] -- Salt crystals : for symphony orchestra (1995) -- Strings-bow and arrow : [for violin, string ensemble, and Arabic drums] 1995</subfield>
            </datafield>
            
            
            
            
            
            <datafield ind1='1' ind2=' ' tag='700'>
              <subfield code = 'a'>Fleischer, Tsippi, 1946-</subfield>
              
              <subfield code='4'>cmp</subfield>
              
              <subfield code = '0'>n 92110571</subfield>
            </datafield>
            <datafield ind1='4' ind2='2' tag='856'>
            <subfield code='z'>Search and Request</subfield>
            <subfield code = 'u'>https://findingaids.princeton.edu/catalog/aspace_12bf7af5113403ca0d897299f94699c9</subfield>
            <subfield code='y'>Princeton University Library Finding Aids</subfield>
            </datafield>
            <datafield ind1=' ' ind2=' ' tag='982'><subfield code='c'></subfield></datafield>
          </record>