
<record>
            <leader>00000nimaa22000002u 4500</leader>
            <controlfield tag='001'>aspace_ceffa7fb7da064516f0d1c0514a469a0</controlfield>
            <controlfield tag='003'>PULFA</controlfield>
            <controlfield tag="008">000000e20052005xx      |           heb d</controlfield>
            <datafield ind1=' ' ind2=' ' tag='035'>
          <subfield code='a'>(PULFA)aspace_ceffa7fb7da064516f0d1c0514a469a0</subfield>
          </datafield>
            <datafield ind1=" " ind2=" " tag="040">
        <subfield code="a">NjP</subfield>
        <subfield code="b">eng</subfield>
        <subfield code="e">dacs</subfield>
        <subfield code="c">NjP</subfield>
        </datafield>
            <datafield ind1=' ' ind2=' ' tag='041'>
            <subfield code='c'>heb</subfield>
          </datafield>
            <datafield ind1=' ' ind2=' ' tag='046'>
                <subfield code='a'>i</subfield>
                <subfield code='c'>2005</subfield>
                <subfield code='e'>2005</subfield>
              </datafield>
            <datafield ind1=' ' ind2=' ' tag='099'>
          <subfield code = 'a'>aspace_ceffa7fb7da064516f0d1c0514a469a0</subfield>
          </datafield>
            <datafield ind1='1' ind2='0' tag='100'>
                  <subfield code = 'a'>Ben-Yohanan, Asher, 1929-2015.</subfield>
                  
                  <subfield code='4'>cmp</subfield>
                  
                  <subfield code = '0'>n 85230036</subfield>
                </datafield>
            <datafield ind1=' ' ind2=' ' tag='245'>
          <subfield code = 'a'>Asher Ben-Yohanan : a composer's profile</subfield>
          <subfield code = 'f'>2005</subfield>
          </datafield>
            
            <datafield ind1=' ' ind2=' ' tag='506'>
          <subfield code = 'a'>Collection is open for research use.</subfield>
          </datafield>
            <datafield ind1=' ' ind2=' ' tag='520'>
            <subfield code = 'a'>Festive overture (Jerusalem Symphony Orchestra; David Shallon, conductor) (8:56) -- Two movements for orchestra (Jerusalem Symphony Orchestra; Mendi Rodan, conductor) (11:34) -- Ode to Jerusalem ("Kol Israel" choirs, Jerusalem and Tel-Aviv; Eitan Lustig, conductor) (4:55) -- Prelude and toccata (Sarah Fuxon-Heyman, piano) (5:40) -- Chamber music for six (Claudia Anderson, flute; Gerard Errante, clarinet; Carol Conti, horn; Barrett Kushner, violin; Herbert Karpicke, viola; Terry Whelan, contrabass; Robert Jones, conductor) (5:38) -- Quartetto concertato (Thomas Trobaugh, piano; Robert Essock, clarinet; Jeffrey Konicek, trombone; Richard Peepo, violoncello; Yehuda Yannay, conductor) (7:06) -- Soliloquy (Charles Sherba, violin) (9:32) -- Impressions (Sarah Fuxon-Heyman, piano) (6:10) -- Woodwind quintet (Emma Niesl, flute; Rita Mitchell, oboe; Stephen Ahearn, clarinet; Jennifer Greupner, horn; Lucas Dickinson, bassoon) (7:52)</subfield>
            </datafield>
            
            
            
            
            
            <datafield ind1='1' ind2=' ' tag='700'>
              <subfield code = 'a'>Ben-Yohanan, Asher, 1929-2015.</subfield>
              
              <subfield code='4'>cmp</subfield>
              
              <subfield code = '0'>n 85230036</subfield>
            </datafield>
            <datafield ind1='4' ind2='2' tag='856'>
            <subfield code='z'>Search and Request</subfield>
            <subfield code = 'u'>https://findingaids.princeton.edu/catalog/aspace_ceffa7fb7da064516f0d1c0514a469a0</subfield>
            <subfield code='y'>Princeton University Library Finding Aids</subfield>
            </datafield>
            <datafield ind1=' ' ind2=' ' tag='982'><subfield code='c'></subfield></datafield>
          </record>