
<record>
            <leader>00000nimaa22000002u 4500</leader>
            <controlfield tag='001'>aspace_e8498ef22592d65639255de4b8899db7</controlfield>
            <controlfield tag='003'>PULFA</controlfield>
            <controlfield tag="008">000000e19991999xx      |           lad d</controlfield>
            <datafield ind1=' ' ind2=' ' tag='035'>
          <subfield code='a'>(PULFA)aspace_e8498ef22592d65639255de4b8899db7</subfield>
          </datafield>
            <datafield ind1=" " ind2=" " tag="040">
        <subfield code="a">NjP</subfield>
        <subfield code="b">eng</subfield>
        <subfield code="e">dacs</subfield>
        <subfield code="c">NjP</subfield>
        </datafield>
            <datafield ind1=' ' ind2=' ' tag='041'>
            <subfield code='c'>lad</subfield>
          </datafield>
            <datafield ind1=' ' ind2=' ' tag='046'>
                <subfield code='a'>i</subfield>
                <subfield code='c'>1999</subfield>
                <subfield code='e'>1999</subfield>
              </datafield>
            <datafield ind1=' ' ind2=' ' tag='099'>
          <subfield code = 'a'>aspace_e8498ef22592d65639255de4b8899db7</subfield>
          </datafield>
            <datafield ind1='1' ind2='0' tag='100'>
                  <subfield code = 'a'>Ben-Zaken, Etty, 1963-</subfield>
                  
                  <subfield code='4'>prf</subfield>
                  
                  <subfield code = '0'>99004094</subfield>
                </datafield>
            <datafield ind1=' ' ind2=' ' tag='245'>
          <subfield code = 'a'>כלה מתירה צמותיה, החתן מתעלף ־ שירי אהבה בלאדינו = The bride unfastens her braids, the groom faints - Ladino love songs</subfield>
          <subfield code = 'f'>1999</subfield>
          </datafield>
            
            <datafield ind1=' ' ind2=' ' tag='506'>
          <subfield code = 'a'>Collection is open for research use.</subfield>
          </datafield>
            <datafield ind1=' ' ind2=' ' tag='520'>
            <subfield code = 'a'>El rey de Fransia -- La novia destrenza el pelo -- Dos amantes tengo, la mi mama -- Kamini por altas torres -- Mansanika korelada -- Al son de la liebre -- Viva Ordueña -- Preso llevan a Verjico -- Por una ninya -- Bre, Sarika, bre -- Levantisme, madre -- Falsa sos i mentiroza -- Tres ermanikas eran -- Y fuérame a bañar -- Desde hoy, la mi madre -- Arvoles yoran por luvias -- Dice la nuestra novia</subfield>
            </datafield>
            
            
            
            
            
            <datafield ind1='1' ind2=' ' tag='700'>
              <subfield code = 'a'>Ben-Zaken, Etty, 1963-</subfield>
              
              <subfield code='4'>prf</subfield>
              
              <subfield code = '0'>99004094</subfield>
            </datafield> <datafield ind1='1' ind2=' ' tag='700'>
              <subfield code = 'a'>Steinberg, Etian.</subfield>
              
              <subfield code='4'>prf</subfield>
              
              <subfield code = '0'>00013852</subfield>
            </datafield>
            <datafield ind1='4' ind2='2' tag='856'>
            <subfield code='z'>Search and Request</subfield>
            <subfield code = 'u'>https://findingaids.princeton.edu/catalog/aspace_e8498ef22592d65639255de4b8899db7</subfield>
            <subfield code='y'>Princeton University Library Finding Aids</subfield>
            </datafield>
            <datafield ind1=' ' ind2=' ' tag='982'><subfield code='c'></subfield></datafield>
          </record>