
<record>
            <leader>00000nimaa22000002u 4500</leader>
            <controlfield tag='001'>aspace_067e6ea8d6fd2f05223fbe100a78f599</controlfield>
            <controlfield tag='003'>PULFA</controlfield>
            <controlfield tag="008">000000e19851985xx      |           heb d</controlfield>
            <datafield ind1=' ' ind2=' ' tag='035'>
          <subfield code='a'>(PULFA)aspace_067e6ea8d6fd2f05223fbe100a78f599</subfield>
          </datafield>
            <datafield ind1=" " ind2=" " tag="040">
        <subfield code="a">NjP</subfield>
        <subfield code="b">eng</subfield>
        <subfield code="e">dacs</subfield>
        <subfield code="c">NjP</subfield>
        </datafield>
            <datafield ind1=' ' ind2=' ' tag='041'>
            <subfield code='c'>heb</subfield>
          </datafield>
            <datafield ind1=' ' ind2=' ' tag='046'>
                <subfield code='a'>i</subfield>
                <subfield code='c'>1985</subfield>
                <subfield code='e'>1985</subfield>
              </datafield>
            <datafield ind1=' ' ind2=' ' tag='099'>
          <subfield code = 'a'>aspace_067e6ea8d6fd2f05223fbe100a78f599</subfield>
          </datafield>
            <datafield ind1='1' ind2='0' tag='100'>
                  <subfield code = 'a'>Gassner, Moshe, 1929-</subfield>
                  
                  <subfield code='4'>cmp</subfield>
                  
                  <subfield code = '0'>n 94002030</subfield>
                </datafield>
            <datafield ind1=' ' ind2=' ' tag='245'>
          <subfield code = 'a'>Caleidoscope : works of Moshe Gassner</subfield>
          <subfield code = 'f'>1985</subfield>
          </datafield>
            
            <datafield ind1=' ' ind2=' ' tag='506'>
          <subfield code = 'a'>Collection is open for research use.</subfield>
          </datafield>
            <datafield ind1=' ' ind2=' ' tag='520'>
            <subfield code = 'a'>Caleidoscope for large orch. : (1981) (6:41) -- Phonsella for chamb. orch. (1973, 1984) (17:02) -- Mobil : "Die Blechtrommel" (1976) (Atziyon) (12:35) -- Mobil : "Die Blechtrommel" (1976) (Yerus.) (5:55) -- Declination : graph score, ad lib. (1978) (8:30) -- Enigma : instr. ad lib. and tape (1980) (9:30) -- Vision : for piano and tape (1985) (5:48)</subfield>
            </datafield>
            
            
            
            
            
            <datafield ind1='1' ind2=' ' tag='700'>
              <subfield code = 'a'>Gassner, Moshe, 1929-</subfield>
              
              <subfield code='4'>cmp</subfield>
              
              <subfield code = '0'>n 94002030</subfield>
            </datafield>
            <datafield ind1='4' ind2='2' tag='856'>
            <subfield code='z'>Search and Request</subfield>
            <subfield code = 'u'>https://findingaids.princeton.edu/catalog/aspace_067e6ea8d6fd2f05223fbe100a78f599</subfield>
            <subfield code='y'>Princeton University Library Finding Aids</subfield>
            </datafield>
            <datafield ind1=' ' ind2=' ' tag='982'><subfield code='c'></subfield></datafield>
          </record>