
<record>
            <leader>00000nimaa22000002u 4500</leader>
            <controlfield tag='001'>aspace_f087ae88e859818c25f2d884dbfb2c2c</controlfield>
            <controlfield tag='003'>PULFA</controlfield>
            <controlfield tag="008">000000e20112011xx      |           eng d</controlfield>
            <datafield ind1=' ' ind2=' ' tag='035'>
          <subfield code='a'>(PULFA)aspace_f087ae88e859818c25f2d884dbfb2c2c</subfield>
          </datafield>
            <datafield ind1=" " ind2=" " tag="040">
        <subfield code="a">NjP</subfield>
        <subfield code="b">eng</subfield>
        <subfield code="e">dacs</subfield>
        <subfield code="c">NjP</subfield>
        </datafield>
            <datafield ind1=' ' ind2=' ' tag='041'>
            <subfield code='c'>eng</subfield>
          </datafield>
            <datafield ind1=' ' ind2=' ' tag='046'>
                <subfield code='a'>i</subfield>
                <subfield code='c'>2011</subfield>
                <subfield code='e'>2011</subfield>
              </datafield>
            <datafield ind1=' ' ind2=' ' tag='099'>
          <subfield code = 'a'>aspace_f087ae88e859818c25f2d884dbfb2c2c</subfield>
          </datafield>
            <datafield ind1='1' ind2='7' tag='100'>
                  <subfield code = 'a'>Yusupov, Benjamin, 1962-</subfield>
                  
                  <subfield code='4'>cmp</subfield>
                  <subfield code = '2'>naf</subfield>
                  <subfield code = '0'>nr2004012500</subfield>
                </datafield>
            <datafield ind1=' ' ind2=' ' tag='245'>
          <subfield code = 'a'>Chamber music</subfield>
          <subfield code = 'f'>2011</subfield>
          </datafield>
            
            <datafield ind1=' ' ind2=' ' tag='506'>
          <subfield code = 'a'>Collection is open for research use.</subfield>
          </datafield>
            <datafield ind1=' ' ind2=' ' tag='520'>
            <subfield code = 'a'>Crossroads 5 : (2008) : for string sextet (Guy Braunstein, Eliron Cziger, violins ; Ori Kam, Amichai Gross, violas ; Zvi Plesser, Kristina Reiko-Cooper, cellos) (20:52) -- Sonata for two prepared pianos (1998) (Benjamin Yusupov ; Raymonda Sheinfeld) (23:15) -- Trio (2000) : for violin, cello and piano in 3 movements (The Tel-Aviv Trio (Matan Givol ; Ira Givol ; Jonathan Aner)) (19:55) -- "Et ma sheratziti" : (1997) : for string quartet (Yona Zur ; Jonathan Keren ; Yuval Gotlibovitch ; Mickey Katz) (4:30)</subfield>
            </datafield>
            
            
            
            
            
            <datafield ind1='1' ind2=' ' tag='700'>
              <subfield code = 'a'>Yusupov, Benjamin, 1962-</subfield>
              
              <subfield code='4'>cmp</subfield>
              <subfield code = '2'>naf</subfield>
              <subfield code = '0'>nr2004012500</subfield>
            </datafield> <datafield ind1='1' ind2=' ' tag='700'>
              <subfield code = 'a'>Braunstein, Guy, 1971-</subfield>
              
              <subfield code='4'>itr</subfield>
              
              <subfield code = '0'>no2013143734</subfield>
            </datafield> <datafield ind1='1' ind2=' ' tag='700'>
              <subfield code = 'a'>Kam, Ori, 1975-</subfield>
              
              <subfield code='4'>itr</subfield>
              
              <subfield code = '0'>no2010064634</subfield>
            </datafield> <datafield ind1='1' ind2=' ' tag='700'>
              <subfield code = 'a'>Gross, Amihai, 1979-</subfield>
              
              <subfield code='4'>itr</subfield>
              
              <subfield code = '0'>no2004095576</subfield>
            </datafield> <datafield ind1='1' ind2=' ' tag='700'>
              <subfield code = 'a'>Plesser, Zvi.</subfield>
              
              <subfield code='4'>itr</subfield>
              
              <subfield code = '0'>nr 93020735</subfield>
            </datafield> <datafield ind1='1' ind2=' ' tag='700'>
              <subfield code = 'a'>Cooper, Kristina Reiko.</subfield>
              
              <subfield code='4'>itr</subfield>
              
              <subfield code = '0'>n 98083748</subfield>
            </datafield> <datafield ind1='1' ind2=' ' tag='700'>
              <subfield code = 'a'>Sheinfeld, Raymonda.</subfield>
              
              
              
              <subfield code = '0'>n 2010065509</subfield>
            </datafield> <datafield ind1='1' ind2=' ' tag='700'>
              <subfield code = 'a'>Givʻol, Yoram.</subfield>
              
              <subfield code='4'>itr</subfield>
              
              <subfield code = '0'>n 88235039</subfield>
            </datafield> <datafield ind1='1' ind2=' ' tag='700'>
              <subfield code = 'a'>Givol, Ira.</subfield>
              
              <subfield code='4'>itr</subfield>
              
              <subfield code = '0'>no2012089264</subfield>
            </datafield> <datafield ind1='1' ind2=' ' tag='700'>
              <subfield code = 'a'>Aner, Jonathan, 1978-</subfield>
              
              <subfield code='4'>itr</subfield>
              
              <subfield code = '0'>no2014125014</subfield>
            </datafield> <datafield ind1='1' ind2=' ' tag='700'>
              <subfield code = 'a'>Zur, Yonah.</subfield>
              
              <subfield code='4'>itr</subfield>
              
              <subfield code = '0'>no2011143448</subfield>
            </datafield> <datafield ind1='1' ind2=' ' tag='700'>
              <subfield code = 'a'>Keren, Jonathan.</subfield>
              
              <subfield code='4'>itr</subfield>
              
              <subfield code = '0'>n 2008064124</subfield>
            </datafield> <datafield ind1='1' ind2=' ' tag='700'>
              <subfield code = 'a'>Gotlibovich, Yuval.</subfield>
              
              <subfield code='4'>itr</subfield>
              
              <subfield code = '0'>no2002103099</subfield>
            </datafield> <datafield ind1='1' ind2=' ' tag='700'>
              <subfield code = 'a'>Katz, Mickey (Cellist)</subfield>
              
              <subfield code='4'>itr</subfield>
              
              <subfield code = '0'>no2004048219</subfield>
            </datafield>
            <datafield ind1='4' ind2='2' tag='856'>
            <subfield code='z'>Search and Request</subfield>
            <subfield code = 'u'>https://findingaids.princeton.edu/catalog/aspace_f087ae88e859818c25f2d884dbfb2c2c</subfield>
            <subfield code='y'>Princeton University Library Finding Aids</subfield>
            </datafield>
            <datafield ind1=' ' ind2=' ' tag='982'><subfield code='c'></subfield></datafield>
          </record>