
<record>
            <leader>00000nimaa22000002u 4500</leader>
            <controlfield tag='001'>aspace_24058967e0c74cdff965583ba2ab03f9</controlfield>
            <controlfield tag='003'>PULFA</controlfield>
            <controlfield tag="008">000000e20072007xx      |           eng d</controlfield>
            <datafield ind1=' ' ind2=' ' tag='035'>
          <subfield code='a'>(PULFA)aspace_24058967e0c74cdff965583ba2ab03f9</subfield>
          </datafield>
            <datafield ind1=" " ind2=" " tag="040">
        <subfield code="a">NjP</subfield>
        <subfield code="b">eng</subfield>
        <subfield code="e">dacs</subfield>
        <subfield code="c">NjP</subfield>
        </datafield>
            <datafield ind1=' ' ind2=' ' tag='041'>
            <subfield code='c'>eng</subfield>
          </datafield>
            <datafield ind1=' ' ind2=' ' tag='046'>
                <subfield code='a'>i</subfield>
                <subfield code='c'>2007</subfield>
                <subfield code='e'>2007</subfield>
              </datafield>
            <datafield ind1=' ' ind2=' ' tag='099'>
          <subfield code = 'a'>aspace_24058967e0c74cdff965583ba2ab03f9</subfield>
          </datafield>
            <datafield ind1='1' ind2='0' tag='100'>
                  <subfield code = 'a'>Zehavi, Oded, 1961-</subfield>
                  
                  <subfield code='4'>cmp</subfield>
                  
                  <subfield code = '0'>nr 94026568</subfield>
                </datafield>
            <datafield ind1=' ' ind2=' ' tag='245'>
          <subfield code = 'a'>Chamber music and beyond : perilous night</subfield>
          <subfield code = 'f'>2007</subfield>
          </datafield>
            
            <datafield ind1=' ' ind2=' ' tag='506'>
          <subfield code = 'a'>Collection is open for research use.</subfield>
          </datafield>
            <datafield ind1=' ' ind2=' ' tag='520'>
            <subfield code = 'a'>String quartet #2 : Vehakhai yiten el libo -- Perilous night = Laila lo barur : for narrator, flutes and percussion -- Song of merit = Shir hamaalot : for woodwind quintet</subfield>
            </datafield>
            
            
            
            
            
            <datafield ind1='1' ind2=' ' tag='700'>
              <subfield code = 'a'>Zehavi, Oded, 1961-</subfield>
              
              <subfield code='4'>cmp</subfield>
              
              <subfield code = '0'>nr 94026568</subfield>
            </datafield> <datafield ind1='1' ind2=' ' tag='700'>
              <subfield code = 'a'>Shemer, Idit, 1961-</subfield>
              
              <subfield code='4'>itr</subfield>
              
              <subfield code = '0'>nr2001014766</subfield>
            </datafield> <datafield ind1='1' ind2=' ' tag='700'>
              <subfield code = 'a'>Buchman, Noam.</subfield>
              
              <subfield code='4'>itr</subfield>
              
              <subfield code = '0'>n 2005052677</subfield>
            </datafield> <datafield ind1='1' ind2=' ' tag='700'>
              <subfield code = 'a'>Dembinsky, Gershon.</subfield>
              
              <subfield code='4'>itr</subfield>
              
              <subfield code = '0'>no2010044636</subfield>
            </datafield> <datafield ind1='1' ind2=' ' tag='700'>
              <subfield code = 'a'>Paley, Richard.</subfield>
              
              <subfield code='4'>itr</subfield>
              
              <subfield code = '0'>no2015025972</subfield>
            </datafield> <datafield ind1='2' ind2=' ' tag='710'>
              <subfield code = 'a'>Colorado Quartet.</subfield>
              
              <subfield code='4'>prf</subfield>
              
              <subfield code = '0'>no 92026604</subfield>
            </datafield>
            <datafield ind1='4' ind2='2' tag='856'>
            <subfield code='z'>Search and Request</subfield>
            <subfield code = 'u'>https://findingaids.princeton.edu/catalog/aspace_24058967e0c74cdff965583ba2ab03f9</subfield>
            <subfield code='y'>Princeton University Library Finding Aids</subfield>
            </datafield>
            <datafield ind1=' ' ind2=' ' tag='982'><subfield code='c'></subfield></datafield>
          </record>