
<record>
            <leader>00000nimaa22000002u 4500</leader>
            <controlfield tag='001'>aspace_df8d8e1d55cefa664cbb3b496b341b16</controlfield>
            <controlfield tag='003'>PULFA</controlfield>
            <controlfield tag="008">000000e20072007xx      |           heb d</controlfield>
            <datafield ind1=' ' ind2=' ' tag='035'>
          <subfield code='a'>(PULFA)aspace_df8d8e1d55cefa664cbb3b496b341b16</subfield>
          </datafield>
            <datafield ind1=" " ind2=" " tag="040">
        <subfield code="a">NjP</subfield>
        <subfield code="b">eng</subfield>
        <subfield code="e">dacs</subfield>
        <subfield code="c">NjP</subfield>
        </datafield>
            <datafield ind1=' ' ind2=' ' tag='041'>
            <subfield code='c'>heb</subfield>
          </datafield>
            <datafield ind1=' ' ind2=' ' tag='046'>
                <subfield code='a'>i</subfield>
                <subfield code='c'>2007</subfield>
                <subfield code='e'>2007</subfield>
              </datafield>
            <datafield ind1=' ' ind2=' ' tag='099'>
          <subfield code = 'a'>aspace_df8d8e1d55cefa664cbb3b496b341b16</subfield>
          </datafield>
            <datafield ind1='1' ind2='0' tag='100'>
                  <subfield code = 'a'>Zehavi, Oded, 1961-</subfield>
                  
                  <subfield code='4'>cmp</subfield>
                  
                  <subfield code = '0'>nr 94026568</subfield>
                </datafield>
            <datafield ind1=' ' ind2=' ' tag='245'>
          <subfield code = 'a'>Chamber music and beyond : the farewell</subfield>
          <subfield code = 'f'>2007</subfield>
          </datafield>
            
            <datafield ind1=' ' ind2=' ' tag='506'>
          <subfield code = 'a'>Collection is open for research use.</subfield>
          </datafield>
            <datafield ind1=' ' ind2=' ' tag='520'>
            <subfield code = 'a'>Trio ("The farewell") -- Erga = Longing -- Khesed = Grace</subfield>
            </datafield>
            
            
            
            
            
            <datafield ind1='1' ind2=' ' tag='700'>
              <subfield code = 'a'>Zehavi, Oded, 1961-</subfield>
              
              <subfield code='4'>cmp</subfield>
              
              <subfield code = '0'>nr 94026568</subfield>
            </datafield> <datafield ind1='1' ind2=' ' tag='700'>
              <subfield code = 'a'>Shiloah, Roy.</subfield>
              
              <subfield code='4'>itr</subfield>
              
              <subfield code = '0'>n 2009043523</subfield>
            </datafield> <datafield ind1='1' ind2=' ' tag='700'>
              <subfield code = 'a'>Rosenthal, Yaron, 1963-</subfield>
              
              <subfield code='4'>itr</subfield>
              <subfield code = '2'>viaf</subfield>
              <subfield code = '0'>98162623</subfield>
            </datafield> <datafield ind1='1' ind2=' ' tag='700'>
              <subfield code = 'a'>Prochnik, Edna.</subfield>
              
              <subfield code='4'>sng</subfield>
              <subfield code = '2'>viaf</subfield>
              <subfield code = '0'>80003056</subfield>
            </datafield> <datafield ind1='1' ind2=' ' tag='700'>
              <subfield code = 'a'>Chaslin, Frédéric.</subfield>
              
              <subfield code='4'>cnd</subfield>
              
              <subfield code = '0'>nr 95020433</subfield>
            </datafield> <datafield ind1='1' ind2=' ' tag='700'>
              <subfield code = 'a'>Gross, Amihai, 1979-</subfield>
              
              <subfield code='4'>itr</subfield>
              
              <subfield code = '0'>no2004095576</subfield>
            </datafield> <datafield ind1='2' ind2=' ' tag='710'>
              <subfield code = 'a'>Jerusalem Trio.</subfield>
              
              <subfield code='4'>prf</subfield>
              
              <subfield code = '0'>no 98132027</subfield>
            </datafield> <datafield ind1='2' ind2=' ' tag='710'>
              <subfield code = 'a'>Tizmoret ha-filharmonit ha-Yiśreʼelit.</subfield>
              
              <subfield code='4'>prf</subfield>
              <subfield code = '2'>naf</subfield>
              <subfield code = '0'>n 81019530</subfield>
            </datafield>
            <datafield ind1='4' ind2='2' tag='856'>
            <subfield code='z'>Search and Request</subfield>
            <subfield code = 'u'>https://findingaids.princeton.edu/catalog/aspace_df8d8e1d55cefa664cbb3b496b341b16</subfield>
            <subfield code='y'>Princeton University Library Finding Aids</subfield>
            </datafield>
            <datafield ind1=' ' ind2=' ' tag='982'><subfield code='c'></subfield></datafield>
          </record>