
<record>
            <leader>00000nimaa22000002u 4500</leader>
            <controlfield tag='001'>aspace_635b36ee4369933a0f777d37860cb963</controlfield>
            <controlfield tag='003'>PULFA</controlfield>
            <controlfield tag="008">000000e20072007xx      |           heb d</controlfield>
            <datafield ind1=' ' ind2=' ' tag='035'>
          <subfield code='a'>(PULFA)aspace_635b36ee4369933a0f777d37860cb963</subfield>
          </datafield>
            <datafield ind1=" " ind2=" " tag="040">
        <subfield code="a">NjP</subfield>
        <subfield code="b">eng</subfield>
        <subfield code="e">dacs</subfield>
        <subfield code="c">NjP</subfield>
        </datafield>
            <datafield ind1=' ' ind2=' ' tag='041'>
            <subfield code='c'>heb</subfield>
          </datafield>
            <datafield ind1=' ' ind2=' ' tag='046'>
                <subfield code='a'>i</subfield>
                <subfield code='c'>2007</subfield>
                <subfield code='e'>2007</subfield>
              </datafield>
            <datafield ind1=' ' ind2=' ' tag='099'>
          <subfield code = 'a'>aspace_635b36ee4369933a0f777d37860cb963</subfield>
          </datafield>
            <datafield ind1='1' ind2='0' tag='100'>
                  <subfield code = 'a'>Zehavi, Oded, 1961-</subfield>
                  
                  <subfield code='4'>cmp</subfield>
                  
                  <subfield code = '0'>nr 94026568</subfield>
                </datafield>
            <datafield ind1=' ' ind2=' ' tag='245'>
          <subfield code = 'a'>Chamber orchestra and beyond : small, sad bird</subfield>
          <subfield code = 'f'>2007</subfield>
          </datafield>
            
            <datafield ind1=' ' ind2=' ' tag='506'>
          <subfield code = 'a'>Collection is open for research use.</subfield>
          </datafield>
            <datafield ind1=' ' ind2=' ' tag='520'>
            <subfield code = 'a'>Lihoraz : (Psalm 131) for chamber orchestra and Epilogue for children's choir -- Like a small, sad bird : four Gypsy songs for soprano and piano -- String quartet #1 (2001)</subfield>
            </datafield>
            
            
            
            
            
            <datafield ind1='1' ind2=' ' tag='700'>
              <subfield code = 'a'>Zehavi, Oded, 1961-</subfield>
              
              <subfield code='4'>cmp</subfield>
              
              <subfield code = '0'>nr 94026568</subfield>
            </datafield> <datafield ind1='1' ind2=' ' tag='700'>
              <subfield code = 'a'>Biron, Avner.</subfield>
              
              <subfield code='4'>cnd</subfield>
              
              <subfield code = '0'>no 98109005</subfield>
            </datafield> <datafield ind1='1' ind2=' ' tag='700'>
              <subfield code = 'a'>Braunstein, Guy, 1971-</subfield>
              
              <subfield code='4'>itr</subfield>
              
              <subfield code = '0'>no2013143734</subfield>
            </datafield> <datafield ind1='1' ind2=' ' tag='700'>
              <subfield code = 'a'>Alexandron-Guter, Inbal.</subfield>
              
              <subfield code='4'>itr</subfield>
              
              <subfield code = '0'>nr2005025934</subfield>
            </datafield> <datafield ind1='1' ind2=' ' tag='700'>
              <subfield code = 'a'>Berick, Yehonatan.</subfield>
              
              <subfield code='4'>itr</subfield>
              
              <subfield code = '0'>n 98080271</subfield>
            </datafield> <datafield ind1='1' ind2=' ' tag='700'>
              <subfield code = 'a'>Karni, Gilad.</subfield>
              
              <subfield code='4'>itr</subfield>
              
              <subfield code = '0'>no2009048466</subfield>
            </datafield> <datafield ind1='1' ind2=' ' tag='700'>
              <subfield code = 'a'>Plesser, Zvi.</subfield>
              
              <subfield code='4'>itr</subfield>
              
              <subfield code = '0'>nr 93020735</subfield>
            </datafield> <datafield ind1='2' ind2=' ' tag='710'>
              <subfield code = 'a'>Israel Camerata Jerusalem.</subfield>
              
              <subfield code='4'>prf</subfield>
              
              <subfield code = '0'>no 98112539</subfield>
            </datafield> <datafield ind1='2' ind2=' ' tag='710'>
              <subfield code = 'a'>Ankor Children's Choir.</subfield>
              
              <subfield code='4'>prf</subfield>
              
              <subfield code = '0'>nr 94026569</subfield>
            </datafield> <datafield ind1='2' ind2=' ' tag='710'>
              <subfield code = 'a'>Reviʻiyat Huberman.</subfield>
              
              <subfield code='4'>prf</subfield>
              <subfield code = '2'>viaf</subfield>
              <subfield code = '0'>130728210</subfield>
            </datafield>
            <datafield ind1='4' ind2='2' tag='856'>
            <subfield code='z'>Search and Request</subfield>
            <subfield code = 'u'>https://findingaids.princeton.edu/catalog/aspace_635b36ee4369933a0f777d37860cb963</subfield>
            <subfield code='y'>Princeton University Library Finding Aids</subfield>
            </datafield>
            <datafield ind1=' ' ind2=' ' tag='982'><subfield code='c'></subfield></datafield>
          </record>