
<record>
            <leader>00000nimaa22000002u 4500</leader>
            <controlfield tag='001'>aspace_33dbd708dfc55bc7517165d2584b4e7b</controlfield>
            <controlfield tag='003'>PULFA</controlfield>
            <controlfield tag="008">000000e20052005xx      |           eng d</controlfield>
            <datafield ind1=' ' ind2=' ' tag='035'>
          <subfield code='a'>(PULFA)aspace_33dbd708dfc55bc7517165d2584b4e7b</subfield>
          </datafield>
            <datafield ind1=" " ind2=" " tag="040">
        <subfield code="a">NjP</subfield>
        <subfield code="b">eng</subfield>
        <subfield code="e">dacs</subfield>
        <subfield code="c">NjP</subfield>
        </datafield>
            <datafield ind1=' ' ind2=' ' tag='041'>
            <subfield code='c'>eng</subfield>
          </datafield>
            <datafield ind1=' ' ind2=' ' tag='046'>
                <subfield code='a'>i</subfield>
                <subfield code='c'>2005</subfield>
                <subfield code='e'>2005</subfield>
              </datafield>
            <datafield ind1=' ' ind2=' ' tag='099'>
          <subfield code = 'a'>aspace_33dbd708dfc55bc7517165d2584b4e7b</subfield>
          </datafield>
            <datafield ind1='1' ind2='0' tag='100'>
                  <subfield code = 'a'>Akiva, Daniel, 1953-</subfield>
                  
                  <subfield code='4'>itr</subfield>
                  
                  <subfield code = '0'>no2002002037</subfield>
                </datafield>
            <datafield ind1=' ' ind2=' ' tag='245'>
          <subfield code = 'a'>Ciclos</subfield>
          <subfield code = 'f'>2005</subfield>
          </datafield>
            
            <datafield ind1=' ' ind2=' ' tag='506'>
          <subfield code = 'a'>Collection is open for research use.</subfield>
          </datafield>
            <datafield ind1=' ' ind2=' ' tag='520'>
            <subfield code = 'a'>Noches noches -- Suite romancero. La rosa enflorece ; Esta montaña ; Morena me llaman -- Como la rosa -- Tres hermanicas eran -- Mizmorim (psalms) -- Romanza / Haim Permont -- Piutim -- Avarix me galanica -- Durme durme -- Dos oraciones para laud -- Shavon del bakal</subfield>
            </datafield>
            
            
            
            
            
            <datafield ind1='1' ind2=' ' tag='700'>
              <subfield code = 'a'>Akiva, Daniel, 1953-</subfield>
              
              <subfield code='4'>itr</subfield>
              
              <subfield code = '0'>no2002002037</subfield>
            </datafield>
            <datafield ind1='4' ind2='2' tag='856'>
            <subfield code='z'>Search and Request</subfield>
            <subfield code = 'u'>https://findingaids.princeton.edu/catalog/aspace_33dbd708dfc55bc7517165d2584b4e7b</subfield>
            <subfield code='y'>Princeton University Library Finding Aids</subfield>
            </datafield>
            <datafield ind1=' ' ind2=' ' tag='982'><subfield code='c'></subfield></datafield>
          </record>