
<record>
            <leader>00000nimaa22000002u 4500</leader>
            <controlfield tag='001'>aspace_b94fc874c60b19ea281ccfa15f3cfac4</controlfield>
            <controlfield tag='003'>PULFA</controlfield>
            <controlfield tag="008">000000e20042004xx      |           lad d</controlfield>
            <datafield ind1=' ' ind2=' ' tag='035'>
          <subfield code='a'>(PULFA)aspace_b94fc874c60b19ea281ccfa15f3cfac4</subfield>
          </datafield>
            <datafield ind1=" " ind2=" " tag="040">
        <subfield code="a">NjP</subfield>
        <subfield code="b">eng</subfield>
        <subfield code="e">dacs</subfield>
        <subfield code="c">NjP</subfield>
        </datafield>
            <datafield ind1=' ' ind2=' ' tag='041'>
            <subfield code='c'>lad</subfield>
          </datafield>
            <datafield ind1=' ' ind2=' ' tag='046'>
                <subfield code='a'>i</subfield>
                <subfield code='c'>2004</subfield>
                <subfield code='e'>2004</subfield>
              </datafield>
            <datafield ind1=' ' ind2=' ' tag='099'>
          <subfield code = 'a'>aspace_b94fc874c60b19ea281ccfa15f3cfac4</subfield>
          </datafield>
            <datafield ind1='1' ind2='0' tag='100'>
                  <subfield code = 'a'>Perets, Avner, 1942-</subfield>
                  
                  <subfield code='4'>lyr</subfield>
                  
                  <subfield code = '0'>nr 91026133</subfield>
                </datafield>
            <datafield ind1=' ' ind2=' ' tag='245'>
          <subfield code = 'a'>Como la rosa : Ladino songs for voice and guitar</subfield>
          <subfield code = 'f'>2004</subfield>
          </datafield>
            
            <datafield ind1=' ' ind2=' ' tag='506'>
          <subfield code = 'a'>Collection is open for research use.</subfield>
          </datafield>
            <datafield ind1=' ' ind2=' ' tag='520'>
            <subfield code = 'a'>Morena me yaman (2:44) -- Durme durme (2:37) -- Donula (2:17) -- Como la rosa (3:17) -- Noches noches (4:42) -- Ya abaxa la novia (1:26) -- La serena (3:07) -- Ya vien el cativo (3:00) -- El prisionero (1:54) -- Durme bermozo bijico (3:18) -- Cantiga de kuna para selanik (3:51) -- Ay Linda amiga (1:41) -- Nani nani (2:46) -- Skalericas de oro (3:14)</subfield>
            </datafield>
            
            
            
            
            
            <datafield ind1='1' ind2=' ' tag='700'>
              <subfield code = 'a'>Perets, Avner, 1942-</subfield>
              
              <subfield code='4'>lyr</subfield>
              
              <subfield code = '0'>nr 91026133</subfield>
            </datafield> <datafield ind1='1' ind2=' ' tag='700'>
              <subfield code = 'a'>Akiva, Daniel, 1953-</subfield>
              
              <subfield code='4'>prf</subfield>
              
              <subfield code = '0'>no2002002037</subfield>
            </datafield> <datafield ind1='1' ind2=' ' tag='700'>
              <subfield code = 'a'>Widmann-Levy, Ronit.</subfield>
              
              <subfield code='4'>prf</subfield>
              
              <subfield code = '0'>2014037812</subfield>
            </datafield>
            <datafield ind1='4' ind2='2' tag='856'>
            <subfield code='z'>Search and Request</subfield>
            <subfield code = 'u'>https://findingaids.princeton.edu/catalog/aspace_b94fc874c60b19ea281ccfa15f3cfac4</subfield>
            <subfield code='y'>Princeton University Library Finding Aids</subfield>
            </datafield>
            <datafield ind1=' ' ind2=' ' tag='982'><subfield code='c'></subfield></datafield>
          </record>