
<record>
            <leader>00000nimaa22000002u 4500</leader>
            <controlfield tag='001'>aspace_3ca2b677cd81b561d38917f44b247ef7</controlfield>
            <controlfield tag='003'>PULFA</controlfield>
            <controlfield tag="008">000000e20022002xx      |           eng d</controlfield>
            <datafield ind1=' ' ind2=' ' tag='035'>
          <subfield code='a'>(PULFA)aspace_3ca2b677cd81b561d38917f44b247ef7</subfield>
          </datafield>
            <datafield ind1=" " ind2=" " tag="040">
        <subfield code="a">NjP</subfield>
        <subfield code="b">eng</subfield>
        <subfield code="e">dacs</subfield>
        <subfield code="c">NjP</subfield>
        </datafield>
            <datafield ind1=' ' ind2=' ' tag='041'>
            <subfield code='c'>eng</subfield>
          </datafield>
            <datafield ind1=' ' ind2=' ' tag='046'>
                <subfield code='a'>i</subfield>
                <subfield code='c'>2002</subfield>
                <subfield code='e'>2002</subfield>
              </datafield>
            <datafield ind1=' ' ind2=' ' tag='099'>
          <subfield code = 'a'>aspace_3ca2b677cd81b561d38917f44b247ef7</subfield>
          </datafield>
            <datafield ind1='1' ind2='0' tag='100'>
                  <subfield code = 'a'>Stern, Max, 1947-</subfield>
                  
                  <subfield code='4'>cmp</subfield>
                  
                  <subfield code = '0'>nr 90011884</subfield>
                </datafield>
            <datafield ind1=' ' ind2=' ' tag='245'>
          <subfield code = 'a'>Dramatic and vocal music</subfield>
          <subfield code = 'f'>2002</subfield>
          </datafield>
            
            <datafield ind1=' ' ind2=' ' tag='506'>
          <subfield code = 'a'>Collection is open for research use.</subfield>
          </datafield>
            <datafield ind1=' ' ind2=' ' tag='520'>
            <subfield code = 'a'>Messer Marco Polo (excerpts): Prelude -- Act II, scene: The Chinese garden (golden bells, Li po, Sanang) -- Three songs on texts by American poets: Dremas -- Jenny kissed me -- Earthbound</subfield>
            </datafield>
            
            
            
            
            
            <datafield ind1='1' ind2=' ' tag='700'>
              <subfield code = 'a'>Stern, Max, 1947-</subfield>
              
              <subfield code='4'>cmp</subfield>
              
              <subfield code = '0'>nr 90011884</subfield>
            </datafield> <datafield ind1='1' ind2=' ' tag='700'>
              <subfield code = 'a'>Bartoň, Hanuš, 1960-</subfield>
              
              <subfield code='4'>itr</subfield>
              
              <subfield code = '0'>n 96104692</subfield>
            </datafield> <datafield ind1='1' ind2=' ' tag='700'>
              <subfield code = 'a'>Valoŭsková, Kristýna.</subfield>
              
              <subfield code='4'>sng</subfield>
              
              <subfield code = '0'>n 2004069057</subfield>
            </datafield> <datafield ind1='1' ind2=' ' tag='700'>
              <subfield code = 'a'>Šicho, Robert.</subfield>
              
              <subfield code='4'>sng</subfield>
              
              <subfield code = '0'>n 2007007506</subfield>
            </datafield> <datafield ind1='1' ind2=' ' tag='700'>
              <subfield code = 'a'>Kalendovský, Jiří.</subfield>
              
              <subfield code='4'>sng</subfield>
              
              <subfield code = '0'>no 97017131</subfield>
            </datafield> <datafield ind1='2' ind2=' ' tag='710'>
              <subfield code = 'a'>Talichův komorní orchestr.</subfield>
              
              <subfield code='4'>prf</subfield>
              
              <subfield code = '0'>no2001087370</subfield>
            </datafield>
            <datafield ind1='4' ind2='2' tag='856'>
            <subfield code='z'>Search and Request</subfield>
            <subfield code = 'u'>https://findingaids.princeton.edu/catalog/aspace_3ca2b677cd81b561d38917f44b247ef7</subfield>
            <subfield code='y'>Princeton University Library Finding Aids</subfield>
            </datafield>
            <datafield ind1=' ' ind2=' ' tag='982'><subfield code='c'></subfield></datafield>
          </record>