
<record>
            <leader>00000nimaa22000002u 4500</leader>
            <controlfield tag='001'>aspace_9ecdad5e929590abafface948397324c</controlfield>
            <controlfield tag='003'>PULFA</controlfield>
            <controlfield tag="008">000000e20002000xx      |           heb d</controlfield>
            <datafield ind1=' ' ind2=' ' tag='035'>
          <subfield code='a'>(PULFA)aspace_9ecdad5e929590abafface948397324c</subfield>
          </datafield>
            <datafield ind1=" " ind2=" " tag="040">
        <subfield code="a">NjP</subfield>
        <subfield code="b">eng</subfield>
        <subfield code="e">dacs</subfield>
        <subfield code="c">NjP</subfield>
        </datafield>
            <datafield ind1=' ' ind2=' ' tag='041'>
            <subfield code='c'>heb</subfield>
          </datafield>
            <datafield ind1=' ' ind2=' ' tag='046'>
                <subfield code='a'>i</subfield>
                <subfield code='c'>2000</subfield>
                <subfield code='e'>2000</subfield>
              </datafield>
            <datafield ind1=' ' ind2=' ' tag='099'>
          <subfield code = 'a'>aspace_9ecdad5e929590abafface948397324c</subfield>
          </datafield>
            <datafield ind1='1' ind2='0' tag='100'>
                  <subfield code = 'a'>Fleischer, Tsippi, 1946-</subfield>
                  
                  <subfield code='4'>cmp</subfield>
                  
                  <subfield code = '0'>n 92110571</subfield>
                </datafield>
            <datafield ind1=' ' ind2=' ' tag='245'>
          <subfield code = 'a'>Ethnic silhouettes = Rshimot etniot</subfield>
          <subfield code = 'f'>2000</subfield>
          </datafield>
            
            <datafield ind1=' ' ind2=' ' tag='506'>
          <subfield code = 'a'>Collection is open for research use.</subfield>
          </datafield>
            <datafield ind1=' ' ind2=' ' tag='520'>
            <subfield code = 'a'>Galbi malan yumma = My heart is full, mother (Reuma Nahum-Abbas, voice) (3:12) -- Ethnic silhouettes = Siluetim etniʹim. Clarinet fragment (Barbaros Erköse, clarinet) ; The gown of night = Glimat halailah (pupils of the school at Rahat, the Negev) ; Clarinet fragment (Erköse) ; Souls consumed = Neshamot nisrafot ; Ramblings on a volcano = Beʻikvot havolkano ; Clarinet fragment (Erköse) ; Towards eternity = El hanetsaḥ (with Peter Marck, double bass) ; Bird in the forest = Tsipor baiyaʻar (with Jelena Sotric, voice ; Michael Melzer, recorders ; Barak Yeuvub, Ofer Waldman, Cory Gatry, horns) (18:00) -- Four old stories = Arba ruḥot. The goddess Anath = Haʻelah Anat (Mira Zakai, contralto ; Irena Friedländer, piano ; Gilad Hildesheim, violin ; Oron Schwarz, percussion) ; The judgement of Solomon = Mishpat Shlomoh (Ronen Ravid, bass ; Daniel Ettinger, baritone ; Cantabile Choir of the Petah-Tikvah Municipal Conservatory of Music ; Eva Pitlik, conductor) ; Appeal to the stars = Kriah lakokavim (Ensemble Belcanto, Frankfurt ; Dietburg Spohr, conductor) ; Daniel in the den of lions = Danyel bgov ha-aryot (Daniel Ettinger, baritone ; men's chorus ; Gilad Hildesheim, Rafi Frenkel, violins ; Aharon Yaron, viola ; Raz Cohen, violoncello ; Peter Marck, double bass ; Avner Itai, conductor) (39:00)</subfield>
            </datafield>
            
            
            
            
            
            <datafield ind1='1' ind2=' ' tag='700'>
              <subfield code = 'a'>Fleischer, Tsippi, 1946-</subfield>
              
              <subfield code='4'>cmp</subfield>
              
              <subfield code = '0'>n 92110571</subfield>
            </datafield> <datafield ind1='1' ind2=' ' tag='700'>
              <subfield code = 'a'>Fischman, Rajmil, 1956-</subfield>
              
              <subfield code='4'>prf</subfield>
              
              <subfield code = '0'>no 00015450</subfield>
            </datafield> <datafield ind1='1' ind2=' ' tag='700'>
              <subfield code = 'a'>Nahum-Abbas, Reuma.</subfield>
              
              <subfield code='4'>prf</subfield>
              
              <subfield code = '0'>no2003004037</subfield>
            </datafield> <datafield ind1='1' ind2=' ' tag='700'>
              <subfield code = 'a'>Erköse, Barbaros.</subfield>
              
              <subfield code='4'>prf</subfield>
              
              <subfield code = '0'>nr 98001740</subfield>
            </datafield> <datafield ind1='1' ind2=' ' tag='700'>
              <subfield code = 'a'>Sotric, Jelena, 1974-</subfield>
              
              <subfield code='4'>prf</subfield>
              
              <subfield code = '0'>no2003004046</subfield>
            </datafield> <datafield ind1='1' ind2=' ' tag='700'>
              <subfield code = 'a'>Zakai, Mira.</subfield>
              
              <subfield code='4'>prf</subfield>
              
              <subfield code = '0'>n 82027318</subfield>
            </datafield> <datafield ind1='1' ind2=' ' tag='700'>
              <subfield code = 'a'>Ravid, Ronen.</subfield>
              
              <subfield code='4'>prf</subfield>
              
              <subfield code = '0'>n 2006030637</subfield>
            </datafield> <datafield ind1='1' ind2=' ' tag='700'>
              <subfield code = 'a'>Ettinger, Daniel, 1971-</subfield>
              
              <subfield code='4'>prf</subfield>
              
              <subfield code = '0'>no2003004052</subfield>
            </datafield> <datafield ind1='1' ind2=' ' tag='700'>
              <subfield code = 'a'>Pitlik, Eva.</subfield>
              
              <subfield code='4'>cnd</subfield>
              
              <subfield code = '0'>n 2006030639</subfield>
            </datafield> <datafield ind1='1' ind2=' ' tag='700'>
              <subfield code = 'a'>Spohr, Dietburg.</subfield>
              
              <subfield code='4'>prf</subfield>
              
              <subfield code = '0'>n 86860902</subfield>
            </datafield> <datafield ind1='1' ind2=' ' tag='700'>
              <subfield code = 'a'>Itai, Avner.</subfield>
              
              <subfield code='4'>prf</subfield>
              
              <subfield code = '0'>n 88678404</subfield>
            </datafield> <datafield ind1='2' ind2=' ' tag='710'>
              <subfield code = 'a'>Belcanto-Ensemble Frankfurt.</subfield>
              
              <subfield code='4'>prf</subfield>
              
              <subfield code = '0'>n 90683116</subfield>
            </datafield>
            <datafield ind1='4' ind2='2' tag='856'>
            <subfield code='z'>Search and Request</subfield>
            <subfield code = 'u'>https://findingaids.princeton.edu/catalog/aspace_9ecdad5e929590abafface948397324c</subfield>
            <subfield code='y'>Princeton University Library Finding Aids</subfield>
            </datafield>
            <datafield ind1=' ' ind2=' ' tag='982'><subfield code='c'></subfield></datafield>
          </record>