
<record>
            <leader>00000nimaa22000002u 4500</leader>
            <controlfield tag='001'>aspace_6953a6833cdcc3160f01cc9ece4b4215</controlfield>
            <controlfield tag='003'>PULFA</controlfield>
            <controlfield tag="008">000000e20012001xx      |           eng d</controlfield>
            <datafield ind1=' ' ind2=' ' tag='035'>
          <subfield code='a'>(PULFA)aspace_6953a6833cdcc3160f01cc9ece4b4215</subfield>
          </datafield>
            <datafield ind1=" " ind2=" " tag="040">
        <subfield code="a">NjP</subfield>
        <subfield code="b">eng</subfield>
        <subfield code="e">dacs</subfield>
        <subfield code="c">NjP</subfield>
        </datafield>
            <datafield ind1=' ' ind2=' ' tag='041'>
            <subfield code='c'>eng</subfield>
          </datafield>
            <datafield ind1=' ' ind2=' ' tag='046'>
                <subfield code='a'>i</subfield>
                <subfield code='c'>2001</subfield>
                <subfield code='e'>2001</subfield>
              </datafield>
            <datafield ind1=' ' ind2=' ' tag='099'>
          <subfield code = 'a'>aspace_6953a6833cdcc3160f01cc9ece4b4215</subfield>
          </datafield>
            <datafield ind1='1' ind2='0' tag='100'>
                  <subfield code = 'a'>Meyouhas, Yoram, 1967-</subfield>
                  
                  <subfield code='4'>cmp</subfield>
                  
                  <subfield code = '0'>no2005013438</subfield>
                </datafield>
            <datafield ind1=' ' ind2=' ' tag='245'>
          <subfield code = 'a'>Four works</subfield>
          <subfield code = 'f'>2001</subfield>
          </datafield>
            
            <datafield ind1=' ' ind2=' ' tag='506'>
          <subfield code = 'a'>Collection is open for research use.</subfield>
          </datafield>
            <datafield ind1=' ' ind2=' ' tag='520'>
            <subfield code = 'a'>Metamorphoses : for violoncello and piano (1998) (Hillel Zori, violoncello ; Ruth Zori, piano) (14:15) -- Neither is all black nor always : (2001) (Merav Barnea, soprano ; Ruth Zori, piano) (17:45) -- Bagatelles : for piccolo solo (1998) (Lior Eitan, piccolo) (7:10) -- God chose the right to remain silent : (1999) (Merav Meshulam, mezzo-soprano ; Yuval Admony, piano) (16:40) -- Oedoen partos : elegy (1974) (Yoram Meyouhas, viola) (7:45)</subfield>
            </datafield>
            
            
            
            
            
            <datafield ind1='1' ind2=' ' tag='700'>
              <subfield code = 'a'>Meyouhas, Yoram, 1967-</subfield>
              
              <subfield code='4'>cmp</subfield>
              
              <subfield code = '0'>no2005013438</subfield>
            </datafield> <datafield ind1='1' ind2=' ' tag='700'>
              <subfield code = 'a'>Barzilai, Jacob, 1933- -- Musical Settings.</subfield>
              
              <subfield code='4'>lyr</subfield>
              
              <subfield code = '0'>nr 88006113</subfield>
            </datafield> <datafield ind1='1' ind2=' ' tag='700'>
              <subfield code = 'a'>Zori, Hillel.</subfield>
              
              <subfield code='4'>prf</subfield>
              
              <subfield code = '0'>n 2007083612</subfield>
            </datafield> <datafield ind1='1' ind2=' ' tag='700'>
              <subfield code = 'a'>Eitan, Lior.</subfield>
              
              <subfield code='4'>prf</subfield>
              
              <subfield code = '0'>n 2011059714</subfield>
            </datafield> <datafield ind1='1' ind2=' ' tag='700'>
              <subfield code = 'a'>Admony, Yuval.</subfield>
              
              <subfield code='4'>prf</subfield>
              <subfield code = '2'>naf</subfield>
              <subfield code = '0'>no2005009567</subfield>
            </datafield>
            <datafield ind1='4' ind2='2' tag='856'>
            <subfield code='z'>Search and Request</subfield>
            <subfield code = 'u'>https://findingaids.princeton.edu/catalog/aspace_6953a6833cdcc3160f01cc9ece4b4215</subfield>
            <subfield code='y'>Princeton University Library Finding Aids</subfield>
            </datafield>
            <datafield ind1=' ' ind2=' ' tag='982'><subfield code='c'></subfield></datafield>
          </record>