
<record>
            <leader>00000nimaa22000002u 4500</leader>
            <controlfield tag='001'>aspace_a06afa26daa710b1e73bdbca4f41345c</controlfield>
            <controlfield tag='003'>PULFA</controlfield>
            <controlfield tag="008">000000e20042004xx      |           heb d</controlfield>
            <datafield ind1=' ' ind2=' ' tag='035'>
          <subfield code='a'>(PULFA)aspace_a06afa26daa710b1e73bdbca4f41345c</subfield>
          </datafield>
            <datafield ind1=" " ind2=" " tag="040">
        <subfield code="a">NjP</subfield>
        <subfield code="b">eng</subfield>
        <subfield code="e">dacs</subfield>
        <subfield code="c">NjP</subfield>
        </datafield>
            <datafield ind1=' ' ind2=' ' tag='041'>
            <subfield code='c'>heb</subfield>
          </datafield>
            <datafield ind1=' ' ind2=' ' tag='046'>
                <subfield code='a'>i</subfield>
                <subfield code='c'>2004</subfield>
                <subfield code='e'>2004</subfield>
              </datafield>
            <datafield ind1=' ' ind2=' ' tag='099'>
          <subfield code = 'a'>aspace_a06afa26daa710b1e73bdbca4f41345c</subfield>
          </datafield>
            <datafield ind1='1' ind2='0' tag='100'>
                  <subfield code = 'a'>Stern, Max, 1947-</subfield>
                  
                  <subfield code='4'>arr</subfield>
                  
                  <subfield code = '0'>nr 90011884</subfield>
                </datafield>
            <datafield ind1=' ' ind2=' ' tag='245'>
          <subfield code = 'a'>For all seasons : music for school and community : Jewish traditional, Israeli popular and folk</subfield>
          <subfield code = 'f'>2004</subfield>
          </datafield>
            
            <datafield ind1=' ' ind2=' ' tag='506'>
          <subfield code = 'a'>Collection is open for research use.</subfield>
          </datafield>
            <datafield ind1=' ' ind2=' ' tag='520'>
            <subfield code = 'a'>Modern prayers. Seu Ziona (1:22) ; Chofim (2:00) ; Oseh Shalom (2:06) ; Eli, Eli (2:51) -- Shivat Zion. Ma Navu (1:34) ; Al Naharot Bavel (2:25) ; Shivat Zion (1:32) ; Shir Hamaalot (2:31) -- Ceremonials. Hatikvah (1:32) ; Ani Maamin (2:08) ; Azkara (2:12) ; Eretz Avot (1:55) -- Praises. Processional (1:55) ; Hallelujah (1:12) ; Bezet Yisrael (1:11) -- Hassidic songs. Yedid Nefesh (1:49) ; Ashira (1:23) ; Am Yisrael Hai (1:14) -- Piyutim. Selach Lanu (1:32) ; Elecha Hashem (1:18) ; Mi Pi Eyl (1:10) -- Songs of Yemen. Eshal Elohai (3:45) ; Lecha Dodi (:59) ; Dror Yikra (1:01) -- Sabbath. Lecha Dodi (1:59) ; Tzur Mishelo (1:32) ; Hamavdil (1:20) ; Eilyahu Hanavi (1:46) -- Hannukah and purim. Maoz Tzur 91:03) ; Hanerot (1:51) ; Shoshanat Yaakov (2:52) ; Purim Day (:59) -- Period of the Omer. Serifat Ha'Omer (1:15) ; Bar Yochai (1:27) ; Shir Bikurim (1:22)</subfield>
            </datafield>
            
            
            
            
            
            <datafield ind1='1' ind2=' ' tag='700'>
              <subfield code = 'a'>Stern, Max, 1947-</subfield>
              
              <subfield code='4'>arr</subfield>
              
              <subfield code = '0'>nr 90011884</subfield>
            </datafield> <datafield ind1='2' ind2=' ' tag='710'>
              <subfield code = 'a'>Tizmoret ha-filharmonit ha-Yiśreʼelit.</subfield>
              
              <subfield code='4'>prf</subfield>
              <subfield code = '2'>naf</subfield>
              <subfield code = '0'>n 81019530</subfield>
            </datafield>
            <datafield ind1='4' ind2='2' tag='856'>
            <subfield code='z'>Search and Request</subfield>
            <subfield code = 'u'>https://findingaids.princeton.edu/catalog/aspace_a06afa26daa710b1e73bdbca4f41345c</subfield>
            <subfield code='y'>Princeton University Library Finding Aids</subfield>
            </datafield>
            <datafield ind1=' ' ind2=' ' tag='982'><subfield code='c'></subfield></datafield>
          </record>