
<record>
            <leader>00000nimaa22000002u 4500</leader>
            <controlfield tag='001'>aspace_6829a38aa032541b7d0e714df275fe76</controlfield>
            <controlfield tag='003'>PULFA</controlfield>
            <controlfield tag="008">000000e20002000xx      |           eng d</controlfield>
            <datafield ind1=' ' ind2=' ' tag='035'>
          <subfield code='a'>(PULFA)aspace_6829a38aa032541b7d0e714df275fe76</subfield>
          </datafield>
            <datafield ind1=" " ind2=" " tag="040">
        <subfield code="a">NjP</subfield>
        <subfield code="b">eng</subfield>
        <subfield code="e">dacs</subfield>
        <subfield code="c">NjP</subfield>
        </datafield>
            <datafield ind1=' ' ind2=' ' tag='041'>
            <subfield code='c'>eng</subfield>
          </datafield>
            <datafield ind1=' ' ind2=' ' tag='046'>
                <subfield code='a'>i</subfield>
                <subfield code='c'>2000</subfield>
                <subfield code='e'>2000</subfield>
              </datafield>
            <datafield ind1=' ' ind2=' ' tag='099'>
          <subfield code = 'a'>aspace_6829a38aa032541b7d0e714df275fe76</subfield>
          </datafield>
            <datafield ind1='1' ind2='0' tag='100'>
                  <subfield code = 'a'>Sedukh, Grigori.</subfield>
                  
                  <subfield code='4'>itr</subfield>
                  
                  <subfield code = '0'>nr2002040416</subfield>
                </datafield>
            <datafield ind1=' ' ind2=' ' tag='245'>
          <subfield code = 'a'>From nigun to operetta</subfield>
          <subfield code = 'f'>2000</subfield>
          </datafield>
            
            <datafield ind1=' ' ind2=' ' tag='506'>
          <subfield code = 'a'>Collection is open for research use.</subfield>
          </datafield>
            <datafield ind1=' ' ind2=' ' tag='520'>
            <subfield code = 'a'>Chagall's stained-glass windows : for piccolo-violin and piano / D. Smorgonskaya (9:57) -- Jüdische Melodie / I. Kaplan (2:35) -- Abodah / E. Bloch (7:14) -- Sylvia. Hi-ho (2:35) ; Duet of Sylvia and Edwin (2:36) ; Song of Bonny (1:36) ; Do you remember? (2:36) ; Song of Sylvia, Edwin, Bonny, Farry (2:27) / Kalman -- Carmen. Seguedille (1:58) ; Aria of Jose (3:16) ; Divination and Havanaise (4:33) ; Gypsy song (1:03) ; Couplet du torero (2:23) / Bizet -- Princess of a circus. No. 11, Duet of Fedora and Mister X. (3:18) ; Duet of Fedora and Mister X. : I love you (3:51) ; Aria of Mister X. (3:29) ; No. 9, Duet of Fedora and Mister X. (2:45) ; Violin solo (1:54) ; Duet of Mabel and Toni (2:26) / Kalman -- The Bat. Adele's couplets / J. Strauss (1:33)</subfield>
            </datafield>
            
            
            
            
            
            <datafield ind1='1' ind2=' ' tag='700'>
              <subfield code = 'a'>Sedukh, Grigori.</subfield>
              
              <subfield code='4'>itr</subfield>
              
              <subfield code = '0'>nr2002040416</subfield>
            </datafield> <datafield ind1='1' ind2=' ' tag='700'>
              <subfield code = 'a'>Khazdan, Evgenii︠a︡ Vladimirovna.</subfield>
              
              <subfield code='4'>itr</subfield>
              
              <subfield code = '0'>no2007099229</subfield>
            </datafield> <datafield ind1='1' ind2=' ' tag='700'>
              <subfield code = 'a'>Smorgonskai︠a︡, D. (Dina), 1947-</subfield>
              
              <subfield code='4'>cmp</subfield>
              
              <subfield code = '0'>no2006053355</subfield>
            </datafield> <datafield ind1='1' ind2=' ' tag='700'>
              <subfield code = 'a'>Kálmán, Emmerich, 1882-1953.</subfield>
              
              <subfield code='4'>cmp</subfield>
              
              <subfield code = '0'>n 79074231</subfield>
            </datafield> <datafield ind1='1' ind2=' ' tag='700'>
              <subfield code = 'a'>Bloch, Ernest, 1880-1959.</subfield>
              
              <subfield code='4'>cmp</subfield>
              
              <subfield code = '0'>n 79150283</subfield>
            </datafield> <datafield ind1='1' ind2=' ' tag='700'>
              <subfield code = 'a'>Strauss, Johann, 1825-1899.</subfield>
              
              <subfield code='4'>cmp</subfield>
              
              <subfield code = '0'>n 79106447</subfield>
            </datafield> <datafield ind1='1' ind2=' ' tag='700'>
              <subfield code = 'a'>Bizet, Georges.</subfield>
              
              <subfield code='4'>cmp</subfield>
              
              <subfield code = '0'>n 79116212</subfield>
            </datafield> <datafield ind1='2' ind2=' ' tag='710'>
              <subfield code = 'a'>Evreĭskiĭ obshchinnyĭ t︠s︡entr Sankt-Peterburga.</subfield>
              
              <subfield code='4'>prf</subfield>
              
              <subfield code = '0'>no2002023939</subfield>
            </datafield>
            <datafield ind1='4' ind2='2' tag='856'>
            <subfield code='z'>Search and Request</subfield>
            <subfield code = 'u'>https://findingaids.princeton.edu/catalog/aspace_6829a38aa032541b7d0e714df275fe76</subfield>
            <subfield code='y'>Princeton University Library Finding Aids</subfield>
            </datafield>
            <datafield ind1=' ' ind2=' ' tag='982'><subfield code='c'></subfield></datafield>
          </record>