
<record>
            <leader>00000nimaa22000002u 4500</leader>
            <controlfield tag='001'>aspace_573e47c556823b8e297ff137645fe059</controlfield>
            <controlfield tag='003'>PULFA</controlfield>
            <controlfield tag="008">000000e20052005xx      |           ara d</controlfield>
            <datafield ind1=' ' ind2=' ' tag='035'>
          <subfield code='a'>(PULFA)aspace_573e47c556823b8e297ff137645fe059</subfield>
          </datafield>
            <datafield ind1=" " ind2=" " tag="040">
        <subfield code="a">NjP</subfield>
        <subfield code="b">eng</subfield>
        <subfield code="e">dacs</subfield>
        <subfield code="c">NjP</subfield>
        </datafield>
            <datafield ind1=' ' ind2=' ' tag='041'>
            <subfield code='c'>ara</subfield>
          </datafield>
            <datafield ind1=' ' ind2=' ' tag='046'>
                <subfield code='a'>i</subfield>
                <subfield code='c'>2005</subfield>
                <subfield code='e'>2005</subfield>
              </datafield>
            <datafield ind1=' ' ind2=' ' tag='099'>
          <subfield code = 'a'>aspace_573e47c556823b8e297ff137645fe059</subfield>
          </datafield>
            <datafield ind1='1' ind2='0' tag='100'>
                  <subfield code = 'a'>Fleischer, Tsippi, 1946-</subfield>
                  
                  <subfield code='4'>cmp</subfield>
                  
                  <subfield code = '0'>n 92110571</subfield>
                </datafield>
            <datafield ind1=' ' ind2=' ' tag='245'>
          <subfield code = 'a'>Girl butterfly girl : a world journey</subfield>
          <subfield code = 'f'>2005</subfield>
          </datafield>
            
            <datafield ind1=' ' ind2=' ' tag='506'>
          <subfield code = 'a'>Collection is open for research use.</subfield>
          </datafield>
            <datafield ind1=' ' ind2=' ' tag='520'>
            <subfield code = 'a'>Whole cycle : mezzo soprano, a cappella (8:22) -- Song no. 1 : [Piece of earth = al-Ḍayʻah = Aḥuzah / Fu'ad Rifḳa]. Oud solo (1:01) ; Mezzo-soprano, oud, vihuel (3:06) ; Mezzo-soprano, flute, guitar (2:41) ; Soprano, flute, piano (2:41) ; Mezzo-soprano, Renaissance recorders, harpsichord (2:34) ; Soprano, flute, harpsichord (3:06) ; Piano, 4 hands (3:18) -- Song no. 2 : [Eyelids = al-Rumūsh = ʻAfʻapayim / Shawḳi Abi-Shaḳra]. Oud solo (1:18) ; Soprano, oriental violin, oud (1:30) ; Mezzo-soprano, oud, vihuel (1:26) ; Mezzo-soprano, flute, piano (1:21) -- Song no. 3 : [The coffin with its lid removed = al-Naʻsh dhū al-ghiṭāʼ al-baʻīd = Aron ha-metim she-mikhśehu raḥoḳ / Muhammad Al-Maghut]. Oud solo (1:37) ; Mezzo-soprano, oud, vihuel (2:25) ; Mezzo-soprano, flute, cello (2:31) ; Mezzo-soprano, guitar (2:35) ; Flute, bass flute, piano (1:55) ; Flute, piano (1:44) -- Song no. 4 : [Girl-butterly-girl = Fatāh farāshah fatāh = Naʻarah parpar naʻarah / Unsi Al-Hajj]. Mezzo-soprano, a cappella (3:24) ; Baritone, a cappella (5:27) ; Chorus (2:43) ; Soprano, a cappella (2:08)</subfield>
            </datafield>
            
            
            
            
            
            <datafield ind1='1' ind2=' ' tag='700'>
              <subfield code = 'a'>Fleischer, Tsippi, 1946-</subfield>
              
              <subfield code='4'>cmp</subfield>
              
              <subfield code = '0'>n 92110571</subfield>
            </datafield> <datafield ind1='1' ind2=' ' tag='700'>
              <subfield code = 'a'>Hand, Richard, 1960-2011.</subfield>
              
              <subfield code='4'>prf</subfield>
              
              <subfield code = '0'>n 2007016915</subfield>
            </datafield> <datafield ind1='1' ind2=' ' tag='700'>
              <subfield code = 'a'>Tal, Rami (Flutist)</subfield>
              
              <subfield code='4'>prf</subfield>
              
              <subfield code = '0'>n 2012003478</subfield>
            </datafield>
            <datafield ind1='4' ind2='2' tag='856'>
            <subfield code='z'>Search and Request</subfield>
            <subfield code = 'u'>https://findingaids.princeton.edu/catalog/aspace_573e47c556823b8e297ff137645fe059</subfield>
            <subfield code='y'>Princeton University Library Finding Aids</subfield>
            </datafield>
            <datafield ind1=' ' ind2=' ' tag='982'><subfield code='c'></subfield></datafield>
          </record>