
<record>
            <leader>00000nimaa22000002u 4500</leader>
            <controlfield tag='001'>aspace_f5f94b9c0f4d16dff5e0d4886b8f72bc</controlfield>
            <controlfield tag='003'>PULFA</controlfield>
            <controlfield tag="008">000000e20002000xx      |           heb d</controlfield>
            <datafield ind1=' ' ind2=' ' tag='035'>
          <subfield code='a'>(PULFA)aspace_f5f94b9c0f4d16dff5e0d4886b8f72bc</subfield>
          </datafield>
            <datafield ind1=" " ind2=" " tag="040">
        <subfield code="a">NjP</subfield>
        <subfield code="b">eng</subfield>
        <subfield code="e">dacs</subfield>
        <subfield code="c">NjP</subfield>
        </datafield>
            <datafield ind1=' ' ind2=' ' tag='041'>
            <subfield code='c'>heb</subfield>
          </datafield>
            <datafield ind1=' ' ind2=' ' tag='046'>
                <subfield code='a'>i</subfield>
                <subfield code='c'>2000</subfield>
                <subfield code='e'>2000</subfield>
              </datafield>
            <datafield ind1=' ' ind2=' ' tag='099'>
          <subfield code = 'a'>aspace_f5f94b9c0f4d16dff5e0d4886b8f72bc</subfield>
          </datafield>
            <datafield ind1='1' ind2='0' tag='100'>
                  <subfield code = 'a'>Eisler-Kashy, Wendy.</subfield>
                  
                  <subfield code='4'>prf</subfield>
                  
                  <subfield code = '0'>n 2012009568</subfield>
                </datafield>
            <datafield ind1=' ' ind2=' ' tag='245'>
          <subfield code = 'a'>אם אשכחך ירושלים = If I forget thee, o Jerusalem</subfield>
          <subfield code = 'f'>2000</subfield>
          </datafield>
            
            <datafield ind1=' ' ind2=' ' tag='506'>
          <subfield code = 'a'>Collection is open for research use.</subfield>
          </datafield>
            <datafield ind1=' ' ind2=' ' tag='520'>
            <subfield code = 'a'>Pictures from the private collection of God (1999) / Aharon Harlap (16:50) -- Three ancient pieces for flute and piano (1983) / Max Stern (8:22) -- Girl-butterfly-girl : (1977/87) / Tsippi Fleischer (10:22) -- Capriccio for piano solo (1955) / Tzvi Avni (3:19) -- Elul in the boulevard : from Bright winter (1996) / Gil Shohat (4:29) -- Desolation for flute solo (1973) / Avraham Amzallag (3:16) -- Six Israeli dances for piano solo (1949) / Chaim Alexander (7:05) -- LaMidbar = To the desert (1:54) -- Numi, numi = Sleep, sleep (1:57) -- Nani, nani (2:25) -- Avraham avinu = Avraham, our father (2:04) -- If I forget thee, o Jerusalem / Dina Smorganski (8:53)</subfield>
            </datafield>
            
            
            
            
            
            <datafield ind1='1' ind2=' ' tag='700'>
              <subfield code = 'a'>Eisler-Kashy, Wendy.</subfield>
              
              <subfield code='4'>prf</subfield>
              
              <subfield code = '0'>n 2012009568</subfield>
            </datafield> <datafield ind1='1' ind2=' ' tag='700'>
              <subfield code = 'a'>Sternfield, Allan, 1949-</subfield>
              
              <subfield code='4'>prf</subfield>
              <subfield code = '2'>naf</subfield>
              <subfield code = '0'>n 82144792</subfield>
            </datafield> <datafield ind1='1' ind2=' ' tag='700'>
              <subfield code = 'a'>Ishak, Amalia.</subfield>
              
              <subfield code='4'>prf</subfield>
              <subfield code = '2'>viaf</subfield>
              <subfield code = '0'>424158070700808780001</subfield>
            </datafield> <datafield ind1='1' ind2=' ' tag='700'>
              <subfield code = 'a'>Harlap, Aharon, 1941-</subfield>
              
              <subfield code='4'>cmp</subfield>
              
              <subfield code = '0'>n 82149144</subfield>
            </datafield> <datafield ind1='1' ind2=' ' tag='700'>
              <subfield code = 'a'>Fleischer, Tsippi, 1946-</subfield>
              
              <subfield code='4'>cmp</subfield>
              
              <subfield code = '0'>n 92110571</subfield>
            </datafield> <datafield ind1='1' ind2=' ' tag='700'>
              <subfield code = 'a'>Stern, Max, 1947-</subfield>
              
              <subfield code='4'>cmp</subfield>
              
              <subfield code = '0'>nr 90011884</subfield>
            </datafield> <datafield ind1='1' ind2=' ' tag='700'>
              <subfield code = 'a'>Avni, Tzvi, 1927-</subfield>
              
              <subfield code='4'>cmp</subfield>
              <subfield code = '2'>naf</subfield>
              <subfield code = '0'>n 79100200</subfield>
            </datafield> <datafield ind1='1' ind2=' ' tag='700'>
              <subfield code = 'a'>Shohat, Gil, 1973-</subfield>
              
              <subfield code='4'>cmp</subfield>
              
              <subfield code = '0'>no2005009548</subfield>
            </datafield> <datafield ind1='1' ind2=' ' tag='700'>
              <subfield code = 'a'>Amzallag, Avraham, 1941-</subfield>
              
              <subfield code='4'>cmp</subfield>
              
              <subfield code = '0'>n 79140941</subfield>
            </datafield> <datafield ind1='1' ind2=' ' tag='700'>
              <subfield code = 'a'>Alexander, Haim, 1915-2012.</subfield>
              
              <subfield code='4'>cmp</subfield>
              
              <subfield code = '0'>n 79135300</subfield>
            </datafield> <datafield ind1='1' ind2=' ' tag='700'>
              <subfield code = 'a'>Smorgonskai︠a︡, D. (Dina), 1947-</subfield>
              
              <subfield code='4'>cmp</subfield>
              
              <subfield code = '0'>no2006053355</subfield>
            </datafield>
            <datafield ind1='4' ind2='2' tag='856'>
            <subfield code='z'>Search and Request</subfield>
            <subfield code = 'u'>https://findingaids.princeton.edu/catalog/aspace_f5f94b9c0f4d16dff5e0d4886b8f72bc</subfield>
            <subfield code='y'>Princeton University Library Finding Aids</subfield>
            </datafield>
            <datafield ind1=' ' ind2=' ' tag='982'><subfield code='c'></subfield></datafield>
          </record>