
<record>
            <leader>00000nimaa22000002u 4500</leader>
            <controlfield tag='001'>aspace_69255fb2f3fef60b78893cd8937e0cc2</controlfield>
            <controlfield tag='003'>PULFA</controlfield>
            <controlfield tag="008">000000e20002000xx      |           heb d</controlfield>
            <datafield ind1=' ' ind2=' ' tag='035'>
          <subfield code='a'>(PULFA)aspace_69255fb2f3fef60b78893cd8937e0cc2</subfield>
          </datafield>
            <datafield ind1=" " ind2=" " tag="040">
        <subfield code="a">NjP</subfield>
        <subfield code="b">eng</subfield>
        <subfield code="e">dacs</subfield>
        <subfield code="c">NjP</subfield>
        </datafield>
            <datafield ind1=' ' ind2=' ' tag='041'>
            <subfield code='c'>heb</subfield>
          </datafield>
            <datafield ind1=' ' ind2=' ' tag='046'>
                <subfield code='a'>i</subfield>
                <subfield code='c'>2000</subfield>
                <subfield code='e'>2000</subfield>
              </datafield>
            <datafield ind1=' ' ind2=' ' tag='099'>
          <subfield code = 'a'>aspace_69255fb2f3fef60b78893cd8937e0cc2</subfield>
          </datafield>
            <datafield ind1='1' ind2='0' tag='100'>
                  <subfield code = 'a'>Stern, Max, 1947-</subfield>
                  
                  <subfield code='4'>cmp</subfield>
                  
                  <subfield code = '0'>nr 90011884</subfield>
                </datafield>
            <datafield ind1=' ' ind2=' ' tag='245'>
          <subfield code = 'a'>Jacob and the angel</subfield>
          <subfield code = 'f'>2000</subfield>
          </datafield>
            
            <datafield ind1=' ' ind2=' ' tag='506'>
          <subfield code = 'a'>Collection is open for research use.</subfield>
          </datafield>
            <datafield ind1=' ' ind2=' ' tag='520'>
            <subfield code = 'a'>Seven voices : (Psalm 29) (1978/1993) (9:54) -- Sabbath : (Psalm 92) (1995) (12:27) -- Jacob and the angel : (1991 revised 1997) (14:40) -- Arise, shine : (1975 revised 1998) (11:12) -- Eshkolot : (1984) (8:23)</subfield>
            </datafield>
            
            
            
            
            
            <datafield ind1='1' ind2=' ' tag='700'>
              <subfield code = 'a'>Stern, Max, 1947-</subfield>
              
              <subfield code='4'>cmp</subfield>
              
              <subfield code = '0'>nr 90011884</subfield>
            </datafield> <datafield ind1='1' ind2=' ' tag='700'>
              <subfield code = 'a'>Valoŭsková, Kristýna.</subfield>
              
              <subfield code='4'>sng</subfield>
              
              <subfield code = '0'>n 2004069057</subfield>
            </datafield> <datafield ind1='1' ind2=' ' tag='700'>
              <subfield code = 'a'>Langnickel, Reinhard.</subfield>
              
              <subfield code='4'>itr</subfield>
              
              <subfield code = '0'>n 95046393</subfield>
            </datafield> <datafield ind1='1' ind2=' ' tag='700'>
              <subfield code = 'a'>Langnickel-Köhler, Brigitte.</subfield>
              
              <subfield code='4'>itr</subfield>
              
              <subfield code = '0'>n 95046389</subfield>
            </datafield> <datafield ind1='1' ind2=' ' tag='700'>
              <subfield code = 'a'>Post, Arthur.</subfield>
              
              <subfield code='4'>cnd</subfield>
              
              <subfield code = '0'>n 2001078736</subfield>
            </datafield> <datafield ind1='1' ind2=' ' tag='700'>
              <subfield code = 'a'>Meltzer, Igal.</subfield>
              
              <subfield code='4'>itr</subfield>
              
              <subfield code = '0'>n 2016032909</subfield>
            </datafield> <datafield ind1='1' ind2=' ' tag='700'>
              <subfield code = 'a'>Sheindorf, Zohar.</subfield>
              
              <subfield code='4'>itr</subfield>
              
              <subfield code = '0'>n 2016032916</subfield>
            </datafield> <datafield ind1='1' ind2=' ' tag='700'>
              <subfield code = 'a'>Herring, Yaaron.</subfield>
              
              <subfield code='4'>itr</subfield>
              
              <subfield code = '0'>n 2016032920</subfield>
            </datafield> <datafield ind1='2' ind2=' ' tag='710'>
              <subfield code = 'a'>Talichův komorní orchestr.</subfield>
              
              <subfield code='4'>prf</subfield>
              
              <subfield code = '0'>no2001087370</subfield>
            </datafield> <datafield ind1='2' ind2=' ' tag='710'>
              <subfield code = 'a'>Tizmoret ha-filharmonit ha-Yiśreʼelit.</subfield>
              
              <subfield code='4'>prf</subfield>
              <subfield code = '2'>naf</subfield>
              <subfield code = '0'>n 81019530</subfield>
            </datafield>
            <datafield ind1='4' ind2='2' tag='856'>
            <subfield code='z'>Search and Request</subfield>
            <subfield code = 'u'>https://findingaids.princeton.edu/catalog/aspace_69255fb2f3fef60b78893cd8937e0cc2</subfield>
            <subfield code='y'>Princeton University Library Finding Aids</subfield>
            </datafield>
            <datafield ind1=' ' ind2=' ' tag='982'><subfield code='c'></subfield></datafield>
          </record>