
<record>
            <leader>00000nimaa22000002u 4500</leader>
            <controlfield tag='001'>aspace_cf7aa777644ab21c9a3b262f59e5c118</controlfield>
            <controlfield tag='003'>PULFA</controlfield>
            <controlfield tag="008">000000e19991999xx      |           lad d</controlfield>
            <datafield ind1=' ' ind2=' ' tag='035'>
          <subfield code='a'>(PULFA)aspace_cf7aa777644ab21c9a3b262f59e5c118</subfield>
          </datafield>
            <datafield ind1=" " ind2=" " tag="040">
        <subfield code="a">NjP</subfield>
        <subfield code="b">eng</subfield>
        <subfield code="e">dacs</subfield>
        <subfield code="c">NjP</subfield>
        </datafield>
            <datafield ind1=' ' ind2=' ' tag='041'>
            <subfield code='c'>lad</subfield>
          </datafield>
            <datafield ind1=' ' ind2=' ' tag='046'>
                <subfield code='a'>i</subfield>
                <subfield code='c'>1999</subfield>
                <subfield code='e'>1999</subfield>
              </datafield>
            <datafield ind1=' ' ind2=' ' tag='099'>
          <subfield code = 'a'>aspace_cf7aa777644ab21c9a3b262f59e5c118</subfield>
          </datafield>
            <datafield ind1='1' ind2='0' tag='100'>
                  <subfield code = 'a'>Akiva, Daniel, 1953-</subfield>
                  
                  <subfield code='4'>prf</subfield>
                  
                  <subfield code = '0'>no2002002037</subfield>
                </datafield>
            <datafield ind1=' ' ind2=' ' tag='245'>
          <subfield code = 'a'>Jerusalem de españa</subfield>
          <subfield code = 'f'>1999</subfield>
          </datafield>
            
            <datafield ind1=' ' ind2=' ' tag='506'>
          <subfield code = 'a'>Collection is open for research use.</subfield>
          </datafield>
            <datafield ind1=' ' ind2=' ' tag='520'>
            <subfield code = 'a'>Blanca flor -- Paisajes de España -- De la mezquite -- Fiesta I -- Los jardines de España -- Fiesta II -- Blanca flor -- Malato 'sta el Hijo del rey -- A donde? -- Poema liturgico I -- Poema liturgico II -- Desielda la morena -- Lavaba la blanca ninya -- Lavaba la blanca ninya -- Cancion -- Nakdishach -- Maria -- Kerve cantar</subfield>
            </datafield>
            
            
            
            
            
            <datafield ind1='1' ind2=' ' tag='700'>
              <subfield code = 'a'>Akiva, Daniel, 1953-</subfield>
              
              <subfield code='4'>prf</subfield>
              
              <subfield code = '0'>no2002002037</subfield>
            </datafield> <datafield ind1='1' ind2=' ' tag='700'>
              <subfield code = 'a'>Fradkin, Daniel.</subfield>
              
              <subfield code='4'>prf</subfield>
              
              <subfield code = '0'>98073899</subfield>
            </datafield> <datafield ind1='1' ind2=' ' tag='700'>
              <subfield code = 'a'>Akiva-Kabiri, Lilach.</subfield>
              
              <subfield code='4'>prf</subfield>
              
              <subfield code = '0'>2007033340</subfield>
            </datafield>
            <datafield ind1='4' ind2='2' tag='856'>
            <subfield code='z'>Search and Request</subfield>
            <subfield code = 'u'>https://findingaids.princeton.edu/catalog/aspace_cf7aa777644ab21c9a3b262f59e5c118</subfield>
            <subfield code='y'>Princeton University Library Finding Aids</subfield>
            </datafield>
            <datafield ind1=' ' ind2=' ' tag='982'><subfield code='c'></subfield></datafield>
          </record>