
<record>
            <leader>00000nimaa22000002u 4500</leader>
            <controlfield tag='001'>aspace_a3a7771cbacd7837ce36405c7a490801</controlfield>
            <controlfield tag='003'>PULFA</controlfield>
            <controlfield tag="008">000000e20052005xx      |           eng d</controlfield>
            <datafield ind1=' ' ind2=' ' tag='035'>
          <subfield code='a'>(PULFA)aspace_a3a7771cbacd7837ce36405c7a490801</subfield>
          </datafield>
            <datafield ind1=" " ind2=" " tag="040">
        <subfield code="a">NjP</subfield>
        <subfield code="b">eng</subfield>
        <subfield code="e">dacs</subfield>
        <subfield code="c">NjP</subfield>
        </datafield>
            <datafield ind1=' ' ind2=' ' tag='041'>
            <subfield code='c'>eng</subfield>
          </datafield>
            <datafield ind1=' ' ind2=' ' tag='046'>
                <subfield code='a'>i</subfield>
                <subfield code='c'>2005</subfield>
                <subfield code='e'>2005</subfield>
              </datafield>
            <datafield ind1=' ' ind2=' ' tag='099'>
          <subfield code = 'a'>aspace_a3a7771cbacd7837ce36405c7a490801</subfield>
          </datafield>
            <datafield ind1='1' ind2='0' tag='100'>
                  <subfield code = 'a'>Volniansky, Karel, 1965-</subfield>
                  
                  <subfield code='4'>cmp</subfield>
                  
                  <subfield code = '0'>2013069607</subfield>
                </datafield>
            <datafield ind1=' ' ind2=' ' tag='245'>
          <subfield code = 'a'>Jerusalem soundscapes</subfield>
          <subfield code = 'f'>2005</subfield>
          </datafield>
            
            <datafield ind1=' ' ind2=' ' tag='506'>
          <subfield code = 'a'>Collection is open for research use.</subfield>
          </datafield>
            <datafield ind1=' ' ind2=' ' tag='520'>
            <subfield code = 'a'>Jerusalem sirens and echoes : op. 31 (2004) -- Intermezzo : homage to Brahms : op. 32 (2004) -- The day after : op.3 (1993) -- Ode : op.10 (1998) -- The triumph : op. 20 (2000)</subfield>
            </datafield>
            
            
            
            
            
            <datafield ind1='1' ind2=' ' tag='700'>
              <subfield code = 'a'>Volniansky, Karel, 1965-</subfield>
              
              <subfield code='4'>cmp</subfield>
              
              <subfield code = '0'>2013069607</subfield>
            </datafield> <datafield ind1='1' ind2=' ' tag='700'>
              <subfield code = 'a'>Carthy, Nicholas.</subfield>
              
              <subfield code='4'>cnd</subfield>
              
              <subfield code = '0'>n 2003078673</subfield>
            </datafield> <datafield ind1='1' ind2=' ' tag='700'>
              <subfield code = 'a'>Rodan, Mendi, 1929-2009.</subfield>
              
              <subfield code='4'>cnd</subfield>
              <subfield code = '2'>naf</subfield>
              <subfield code = '0'>n 82131640</subfield>
            </datafield> <datafield ind1='1' ind2=' ' tag='700'>
              <subfield code = 'a'>Ettinger, Daniel, 1971-</subfield>
              
              <subfield code='4'>cnd</subfield>
              
              <subfield code = '0'>no2003004052</subfield>
            </datafield> <datafield ind1='1' ind2=' ' tag='700'>
              <subfield code = 'a'>Ramos, Miguel, 1968-</subfield>
              
              <subfield code='4'>cnd</subfield>
              
              <subfield code = '0'>n 2013069615</subfield>
            </datafield> <datafield ind1='2' ind2=' ' tag='710'>
              <subfield code = 'a'>Israel. Rashut ha-shidur. Tizmoret.</subfield>
              
              <subfield code='4'>prf</subfield>
              <subfield code = '2'>naf</subfield>
              <subfield code = '0'>n 88678276</subfield>
            </datafield> <datafield ind1='1' ind2=' ' tag='700'>
              <subfield code = 'a'>Israel Contemporary Players.</subfield>
              
              <subfield code='4'>prf</subfield>
              
              <subfield code = '0'>n 2011085850</subfield>
            </datafield>
            <datafield ind1='4' ind2='2' tag='856'>
            <subfield code='z'>Search and Request</subfield>
            <subfield code = 'u'>https://findingaids.princeton.edu/catalog/aspace_a3a7771cbacd7837ce36405c7a490801</subfield>
            <subfield code='y'>Princeton University Library Finding Aids</subfield>
            </datafield>
            <datafield ind1=' ' ind2=' ' tag='982'><subfield code='c'></subfield></datafield>
          </record>