
<record>
            <leader>00000nimaa22000002u 4500</leader>
            <controlfield tag='001'>aspace_3fd2de52e268f054cf447a892fdf0dbd</controlfield>
            <controlfield tag='003'>PULFA</controlfield>
            <controlfield tag="008">000000e20012001xx      |           heb d</controlfield>
            <datafield ind1=' ' ind2=' ' tag='035'>
          <subfield code='a'>(PULFA)aspace_3fd2de52e268f054cf447a892fdf0dbd</subfield>
          </datafield>
            <datafield ind1=" " ind2=" " tag="040">
        <subfield code="a">NjP</subfield>
        <subfield code="b">eng</subfield>
        <subfield code="e">dacs</subfield>
        <subfield code="c">NjP</subfield>
        </datafield>
            <datafield ind1=' ' ind2=' ' tag='041'>
            <subfield code='c'>heb</subfield>
          </datafield>
            <datafield ind1=' ' ind2=' ' tag='046'>
                <subfield code='a'>i</subfield>
                <subfield code='c'>2001</subfield>
                <subfield code='e'>2001</subfield>
              </datafield>
            <datafield ind1=' ' ind2=' ' tag='099'>
          <subfield code = 'a'>aspace_3fd2de52e268f054cf447a892fdf0dbd</subfield>
          </datafield>
            <datafield ind1='1' ind2='0' tag='100'>
                  <subfield code = 'a'>Dorfman, Joseph, 1940-2006.</subfield>
                  
                  <subfield code='4'>cmp</subfield>
                  
                  <subfield code = '0'>n 79096159</subfield>
                </datafield>
            <datafield ind1=' ' ind2=' ' tag='245'>
          <subfield code = 'a'>Joseph Dorfman : a composer's portrait</subfield>
          <subfield code = 'f'>2001</subfield>
          </datafield>
            
            <datafield ind1=' ' ind2=' ' tag='506'>
          <subfield code = 'a'>Collection is open for research use.</subfield>
          </datafield>
            <datafield ind1=' ' ind2=' ' tag='520'>
            <subfield code = 'a'>Twelve tribes of Israel : "Shivtei Israel" (1975, rev. 1983) -- Concerto for piano and orchestra (1981) -- Cantillorio : book 1 (1990). Peace ; War</subfield>
            </datafield>
            
            
            
            
            
            <datafield ind1='1' ind2=' ' tag='700'>
              <subfield code = 'a'>Dorfman, Joseph, 1940-2006.</subfield>
              
              <subfield code='4'>cmp</subfield>
              
              <subfield code = '0'>n 79096159</subfield>
            </datafield> <datafield ind1='1' ind2=' ' tag='700'>
              <subfield code = 'a'>Roderburg, Christian, 1954-</subfield>
              
              <subfield code='4'>prf</subfield>
              
              <subfield code = '0'>n 85235101</subfield>
            </datafield> <datafield ind1='1' ind2=' ' tag='700'>
              <subfield code = 'a'>Blarr, Oskar Gottlieb.</subfield>
              
              <subfield code='4'>prf</subfield>
              
              <subfield code = '0'>n 82006576</subfield>
            </datafield> <datafield ind1='1' ind2=' ' tag='700'>
              <subfield code = 'a'>Boguslavsky, Michael.</subfield>
              
              <subfield code='4'>prf</subfield>
              
              <subfield code = '0'>nr 97035639</subfield>
            </datafield> <datafield ind1='1' ind2=' ' tag='700'>
              <subfield code = 'a'>Heltay, Laszlo.</subfield>
              
              <subfield code='4'>cnd</subfield>
              
              <subfield code = '0'>n 83177211</subfield>
            </datafield> <datafield ind1='1' ind2=' ' tag='700'>
              <subfield code = 'a'>Domarkas, J.</subfield>
              
              <subfield code='4'>cnd</subfield>
              
              <subfield code = '0'>n 81147051</subfield>
            </datafield> <datafield ind1='2' ind2=' ' tag='710'>
              <subfield code = 'a'>Sinfonyetah ha-Yiśreʼelit.</subfield>
              
              <subfield code='4'>prf</subfield>
              
              <subfield code = '0'>n 88678484</subfield>
            </datafield> <datafield ind1='2' ind2=' ' tag='710'>
              <subfield code = 'a'>Lietuvos nacionalinis simfoninis orkestras.</subfield>
              
              <subfield code='4'>prf</subfield>
              
              <subfield code = '0'>no2003081099</subfield>
            </datafield> <datafield ind1='2' ind2=' ' tag='710'>
              <subfield code = 'a'>Ąžuoliukas (Musical group)</subfield>
              
              <subfield code='4'>prf</subfield>
              
              <subfield code = '0'>n 93102696</subfield>
            </datafield> <datafield ind1='2' ind2=' ' tag='710'>
              <subfield code = 'a'>Kauno Valstybinis choras.</subfield>
              
              <subfield code='4'>prf</subfield>
              
              <subfield code = '0'>n 87124586</subfield>
            </datafield>
            <datafield ind1='4' ind2='2' tag='856'>
            <subfield code='z'>Search and Request</subfield>
            <subfield code = 'u'>https://findingaids.princeton.edu/catalog/aspace_3fd2de52e268f054cf447a892fdf0dbd</subfield>
            <subfield code='y'>Princeton University Library Finding Aids</subfield>
            </datafield>
            <datafield ind1=' ' ind2=' ' tag='982'><subfield code='c'></subfield></datafield>
          </record>