
<record>
            <leader>00000nimaa22000002u 4500</leader>
            <controlfield tag='001'>aspace_dcb58bb246e5a02ae848e0e850b3d3f0</controlfield>
            <controlfield tag='003'>PULFA</controlfield>
            <controlfield tag="008">000000e20062006xx      |           ger d</controlfield>
            <datafield ind1=' ' ind2=' ' tag='035'>
          <subfield code='a'>(PULFA)aspace_dcb58bb246e5a02ae848e0e850b3d3f0</subfield>
          </datafield>
            <datafield ind1=" " ind2=" " tag="040">
        <subfield code="a">NjP</subfield>
        <subfield code="b">eng</subfield>
        <subfield code="e">dacs</subfield>
        <subfield code="c">NjP</subfield>
        </datafield>
            <datafield ind1=' ' ind2=' ' tag='041'>
            <subfield code='c'>ger</subfield>
          </datafield>
            <datafield ind1=' ' ind2=' ' tag='046'>
                <subfield code='a'>i</subfield>
                <subfield code='c'>2006</subfield>
                <subfield code='e'>2006</subfield>
              </datafield>
            <datafield ind1=' ' ind2=' ' tag='099'>
          <subfield code = 'a'>aspace_dcb58bb246e5a02ae848e0e850b3d3f0</subfield>
          </datafield>
            <datafield ind1='1' ind2='0' tag='100'>
                  <subfield code = 'a'>Kogan, Lev, 1927-2007.</subfield>
                  
                  <subfield code='4'>cmp</subfield>
                  
                  <subfield code = '0'>n 83014229</subfield>
                </datafield>
            <datafield ind1=' ' ind2=' ' tag='245'>
          <subfield code = 'a'>Kammerensemble der Kinder- und Jugend-Aliyah spielt Klezmer!</subfield>
          <subfield code = 'f'>2006</subfield>
          </datafield>
            
            <datafield ind1=' ' ind2=' ' tag='506'>
          <subfield code = 'a'>Collection is open for research use.</subfield>
          </datafield>
            <datafield ind1=' ' ind2=' ' tag='520'>
            <subfield code = 'a'>Tfilat am Israel / Leonid Kogan (with Vasili Khohryakov, violin) -- Jüdische Rhapsodie : (Marc Chagall gewidmet) / Boris Pigovat -- Jüdischer Volkstanz "Sherele" / arr. Lev Arstein (with Philip Entis, clarinet) -- Rumänisch-jüdischer Tanz / Levko Kolodub (with Vasili Khohryakov, violin) -- "Wenn das herz weint" / Shmul Albaz (with Ilana Aschanka, soloist) -- Jüdische und chassidische Tänze / arr. Lev Arstein (with Philip Entis, clarinet) -- Orientalischer Tanz / Kara Karaev -- Freilachs "Glückliches Spiel" / arr. Lev Arstein (with Philip Entis, clarinet) -- Jüdisches Lieder medley : ("Lo mir ale ineinem") / arr. Lev Arstein</subfield>
            </datafield>
            
            
            
            
            
            <datafield ind1='1' ind2=' ' tag='700'>
              <subfield code = 'a'>Kogan, Lev, 1927-2007.</subfield>
              
              <subfield code='4'>cmp</subfield>
              
              <subfield code = '0'>n 83014229</subfield>
            </datafield> <datafield ind1='1' ind2=' ' tag='700'>
              <subfield code = 'a'>Pigovat, Boris, 1953-</subfield>
              
              <subfield code='4'>cmp</subfield>
              <subfield code = '2'>naf</subfield>
              <subfield code = '0'>n 88158263</subfield>
            </datafield> <datafield ind1='1' ind2=' ' tag='700'>
              <subfield code = 'a'>Kolodub, L. (Levko), 1930-2019.</subfield>
              
              <subfield code='4'>cmp</subfield>
              
              <subfield code = '0'>n 93051771</subfield>
            </datafield>
            <datafield ind1='4' ind2='2' tag='856'>
            <subfield code='z'>Search and Request</subfield>
            <subfield code = 'u'>https://findingaids.princeton.edu/catalog/aspace_dcb58bb246e5a02ae848e0e850b3d3f0</subfield>
            <subfield code='y'>Princeton University Library Finding Aids</subfield>
            </datafield>
            <datafield ind1=' ' ind2=' ' tag='982'><subfield code='c'></subfield></datafield>
          </record>