
<record>
            <leader>00000nimaa22000002u 4500</leader>
            <controlfield tag='001'>aspace_b62a9731b9f7c6633c2a135eb6dc6099</controlfield>
            <controlfield tag='003'>PULFA</controlfield>
            <controlfield tag="008">000000e19991999xx      |           eng d</controlfield>
            <datafield ind1=' ' ind2=' ' tag='035'>
          <subfield code='a'>(PULFA)aspace_b62a9731b9f7c6633c2a135eb6dc6099</subfield>
          </datafield>
            <datafield ind1=" " ind2=" " tag="040">
        <subfield code="a">NjP</subfield>
        <subfield code="b">eng</subfield>
        <subfield code="e">dacs</subfield>
        <subfield code="c">NjP</subfield>
        </datafield>
            <datafield ind1=' ' ind2=' ' tag='041'>
            <subfield code='c'>eng</subfield>
          </datafield>
            <datafield ind1=' ' ind2=' ' tag='046'>
                <subfield code='a'>i</subfield>
                <subfield code='c'>1999</subfield>
                <subfield code='e'>1999</subfield>
              </datafield>
            <datafield ind1=' ' ind2=' ' tag='099'>
          <subfield code = 'a'>aspace_b62a9731b9f7c6633c2a135eb6dc6099</subfield>
          </datafield>
            <datafield ind1='1' ind2='0' tag='100'>
                  <subfield code = 'a'>Wolpe, Michael, 1960-</subfield>
                  
                  <subfield code='4'>cmp</subfield>
                  
                  <subfield code = '0'>no2005120795</subfield>
                </datafield>
            <datafield ind1=' ' ind2=' ' tag='245'>
          <subfield code = 'a'>Kaprizma nr. 8 : für Violoncello solo, Flöte, Gitarre, Schlagzeug und Streichquintett</subfield>
          <subfield code = 'f'>1999</subfield>
          </datafield>
            
            <datafield ind1=' ' ind2=' ' tag='506'>
          <subfield code = 'a'>Collection is open for research use.</subfield>
          </datafield>
            
            
            
            
            
            
            <datafield ind1='1' ind2=' ' tag='700'>
              <subfield code = 'a'>Wolpe, Michael, 1960-</subfield>
              
              <subfield code='4'>cmp</subfield>
              
              <subfield code = '0'>no2005120795</subfield>
            </datafield> <datafield ind1='1' ind2=' ' tag='700'>
              <subfield code = 'a'>Berger, Julius.</subfield>
              
              <subfield code='4'>itr</subfield>
              
              <subfield code = '0'>n 83133710</subfield>
            </datafield> <datafield ind1='1' ind2=' ' tag='700'>
              <subfield code = 'a'>Buchman, Noam.</subfield>
              
              <subfield code='4'>itr</subfield>
              
              <subfield code = '0'>n 2005052677</subfield>
            </datafield> <datafield ind1='1' ind2=' ' tag='700'>
              <subfield code = 'a'>Orbach, Orit.</subfield>
              
              <subfield code='4'>itr</subfield>
              
              <subfield code = '0'>n 98081234</subfield>
            </datafield> <datafield ind1='1' ind2=' ' tag='700'>
              <subfield code = 'a'>Feinstein, Hanan.</subfield>
              
              <subfield code='4'>itr</subfield>
              
              <subfield code = '0'>no2005120735</subfield>
            </datafield> <datafield ind1='1' ind2=' ' tag='700'>
              <subfield code = 'a'>Zimbalista, Chen, 1966-</subfield>
              
              <subfield code='4'>itr</subfield>
              
              <subfield code = '0'>no2005121280</subfield>
            </datafield> <datafield ind1='1' ind2=' ' tag='700'>
              <subfield code = 'a'>Moyal, Shlomo.</subfield>
              
              <subfield code='4'>itr</subfield>
              
              <subfield code = '0'>no2005120899</subfield>
            </datafield> <datafield ind1='2' ind2=' ' tag='710'>
              <subfield code = 'a'>Jerusalem Quartet.</subfield>
              
              <subfield code='4'>prf</subfield>
              
              <subfield code = '0'>nr2001003938</subfield>
            </datafield>
            <datafield ind1='4' ind2='2' tag='856'>
            <subfield code='z'>Search and Request</subfield>
            <subfield code = 'u'>https://findingaids.princeton.edu/catalog/aspace_b62a9731b9f7c6633c2a135eb6dc6099</subfield>
            <subfield code='y'>Princeton University Library Finding Aids</subfield>
            </datafield>
            <datafield ind1=' ' ind2=' ' tag='982'><subfield code='c'></subfield></datafield>
          </record>