
<record>
            <leader>00000nimaa22000002u 4500</leader>
            <controlfield tag='001'>aspace_91dc8c010d24434d932e7ff597992150</controlfield>
            <controlfield tag='003'>PULFA</controlfield>
            <controlfield tag="008">000000e19981998xx      |           heb d</controlfield>
            <datafield ind1=' ' ind2=' ' tag='035'>
          <subfield code='a'>(PULFA)aspace_91dc8c010d24434d932e7ff597992150</subfield>
          </datafield>
            <datafield ind1=" " ind2=" " tag="040">
        <subfield code="a">NjP</subfield>
        <subfield code="b">eng</subfield>
        <subfield code="e">dacs</subfield>
        <subfield code="c">NjP</subfield>
        </datafield>
            <datafield ind1=' ' ind2=' ' tag='041'>
            <subfield code='c'>heb</subfield>
          </datafield>
            <datafield ind1=' ' ind2=' ' tag='046'>
                <subfield code='a'>i</subfield>
                <subfield code='c'>1998</subfield>
                <subfield code='e'>1998</subfield>
              </datafield>
            <datafield ind1=' ' ind2=' ' tag='099'>
          <subfield code = 'a'>aspace_91dc8c010d24434d932e7ff597992150</subfield>
          </datafield>
            <datafield ind1='1' ind2='0' tag='100'>
                  <subfield code = 'a'>Mindel, Me'ir, 1946-</subfield>
                  
                  <subfield code='4'>arr</subfield>
                  
                  <subfield code = '0'>n 88099093</subfield>
                </datafield>
            <datafield ind1=' ' ind2=' ' tag='245'>
          <subfield code = 'a'>Ḳeshet ha-zemer ha-ʻivri = Israeli sounds of strings</subfield>
          <subfield code = 'f'>1998</subfield>
          </datafield>
            
            <datafield ind1=' ' ind2=' ' tag='506'>
          <subfield code = 'a'>Collection is open for research use.</subfield>
          </datafield>
            <datafield ind1=' ' ind2=' ' tag='520'>
            <subfield code = 'a'>[Yerushalayim Shel Zahav] = Jerusalem of gold / Naomi Shemer (3:30) -- [Hoi Artzi Molad'ti] = O my land, my homeland / Naomi Shemer ; lyrics by Shaul Chernichovsky (2:26) -- [Bo Beshalom] = Come in peace / Nurit Hirsh ; lyrics by Rachel Shapira (3:25) -- [Zimrat Ha'aretz] = Song of the land / Dubi Zeltzer ; lyrics by Dudu Barak (2:36) -- A joyful song / Mordechai Ze'ira ; lyrics by Ya'akov Orland (1:33) -- [Nigunim] = Melodies / David Zahavi ; lyrics by Fania Bergshtein (2:46) -- [Hen Efshar = It may be] = It might be / David Zahavi ; lyrics by Haim Hefer (2:21) -- [Hare'ut = Friendship] = Comradeship / Chaim Guri (2:56) -- [Going to Caesarea] = A walk to Caesaria (that is, Caesarea) / Hanna Senesz (2:44) -- Elegy / Meir Mindel (2:57) -- Where are you all? / Meir Mindel ; lyrics by R. Selkia (3:43) -- This land / Shaikeh Pakov (1:36) -- This kind of song / N. Hirsh ; lyrics by Ya'akov Rothblith (1:48) -- [Mirdaf = Pursuit] = The chase / Nachum Heiman ; lyrics by Yaron London (1:47) -- [Reiach Tapuach Ve'odem Shani = Scent of apples and ruby scarlet] = Scent of the apple, red of the scarlet : [apple scent, scarlet redness] / Nachum Heiman ; lyrics by Yoram Teharlev (1:34) -- To the highway / N. Hirsh ; lyrics by Sh. Or (1:56) -- [Shnei Shoshanim] = Two roses / Mordechai Ze'ira ; lyric by Ya'akov Orland (1:16) -- [Hatikvah] = The hope : (Israel national anthem) (1:16)</subfield>
            </datafield>
            
            
            
            
            
            <datafield ind1='1' ind2=' ' tag='700'>
              <subfield code = 'a'>Mindel, Me'ir, 1946-</subfield>
              
              <subfield code='4'>arr</subfield>
              
              <subfield code = '0'>n 88099093</subfield>
            </datafield>
            <datafield ind1='4' ind2='2' tag='856'>
            <subfield code='z'>Search and Request</subfield>
            <subfield code = 'u'>https://findingaids.princeton.edu/catalog/aspace_91dc8c010d24434d932e7ff597992150</subfield>
            <subfield code='y'>Princeton University Library Finding Aids</subfield>
            </datafield>
            <datafield ind1=' ' ind2=' ' tag='982'><subfield code='c'></subfield></datafield>
          </record>