
<record>
            <leader>00000nimaa22000002u 4500</leader>
            <controlfield tag='001'>aspace_4eb029eb03d09765cfcbadf35044166a</controlfield>
            <controlfield tag='003'>PULFA</controlfield>
            <controlfield tag="008">000000e20072007xx      |           eng d</controlfield>
            <datafield ind1=' ' ind2=' ' tag='035'>
          <subfield code='a'>(PULFA)aspace_4eb029eb03d09765cfcbadf35044166a</subfield>
          </datafield>
            <datafield ind1=" " ind2=" " tag="040">
        <subfield code="a">NjP</subfield>
        <subfield code="b">eng</subfield>
        <subfield code="e">dacs</subfield>
        <subfield code="c">NjP</subfield>
        </datafield>
            <datafield ind1=' ' ind2=' ' tag='041'>
            <subfield code='c'>eng</subfield>
          </datafield>
            <datafield ind1=' ' ind2=' ' tag='046'>
                <subfield code='a'>i</subfield>
                <subfield code='c'>2007</subfield>
                <subfield code='e'>2007</subfield>
              </datafield>
            <datafield ind1=' ' ind2=' ' tag='099'>
          <subfield code = 'a'>aspace_4eb029eb03d09765cfcbadf35044166a</subfield>
          </datafield>
            <datafield ind1='1' ind2='0' tag='100'>
                  <subfield code = 'a'>Wiesenberg, Menachem, 1950-</subfield>
                  
                  <subfield code='4'>cmp</subfield>
                  
                  <subfield code = '0'>nr 94026704</subfield>
                </datafield>
            <datafield ind1=' ' ind2=' ' tag='245'>
          <subfield code = 'a'>La folia</subfield>
          <subfield code = 'f'>2007</subfield>
          </datafield>
            
            <datafield ind1=' ' ind2=' ' tag='506'>
          <subfield code = 'a'>Collection is open for research use.</subfield>
          </datafield>
            <datafield ind1=' ' ind2=' ' tag='520'>
            <subfield code = 'a'>Concerto da camera : La folia : for four wind instruments and string orchestra (Israel Camerata-Jerusalem Orchestra ; Andrew Lawrence-King, conductor) (18:43) -- An octet movement : homage to Mendelssohn (Keshet Eilon members) (8:12) -- Concertino : for cello and string orchestra (Ronald Leonard, violoncello ; Colburn Orchestra ; Yehuda Gilad, conductor) (14:16) -- Concertino : for oud, piano, and string orchestra (Taiseer Elias, oud ; M. Wiesenberg, piano ; Israel Camerata-Jerusalem Orchestra ; Avner Biron, conductor) (16:30) -- Jerusalem : symphonic overture (Jerusalem Symphony Orchestra ; David Shalon, conductor) (9:25) -- Homage to Alexander (Sasha) Argov : for symphony orchestra (Thelma Yellin High School Symphony Orchestra ; Menachem Nebenhaus, conductor) (9:09)</subfield>
            </datafield>
            
            
            
            
            
            <datafield ind1='1' ind2=' ' tag='700'>
              <subfield code = 'a'>Wiesenberg, Menachem, 1950-</subfield>
              
              <subfield code='4'>cmp</subfield>
              
              <subfield code = '0'>nr 94026704</subfield>
            </datafield> <datafield ind1='1' ind2=' ' tag='700'>
              <subfield code = 'a'>Lawrence-King, Andrew.</subfield>
              
              <subfield code='4'>cnd</subfield>
              
              <subfield code = '0'>n 88639763</subfield>
            </datafield> <datafield ind1='1' ind2=' ' tag='700'>
              <subfield code = 'a'>Leonard, Ronald (Cellist)</subfield>
              
              <subfield code='4'>itr</subfield>
              
              <subfield code = '0'>no 98118564</subfield>
            </datafield> <datafield ind1='1' ind2=' ' tag='700'>
              <subfield code = 'a'>Gilad, Yehuda.</subfield>
              
              <subfield code='4'>cnd</subfield>
              
              <subfield code = '0'>n 2004069299</subfield>
            </datafield> <datafield ind1='2' ind2=' ' tag='710'>
              <subfield code = 'a'>Colburn Orchestra.</subfield>
              
              <subfield code='4'>prf</subfield>
              
              <subfield code = '0'>no2013032093</subfield>
            </datafield> <datafield ind1='2' ind2=' ' tag='710'>
              <subfield code = 'a'>Keshet Eilon Music Center (Elon, Israel)</subfield>
              
              
              
              <subfield code = '0'>no2011104691</subfield>
            </datafield> <datafield ind1='2' ind2=' ' tag='710'>
              <subfield code = 'a'>Israel Camerata Jerusalem.</subfield>
              
              <subfield code='4'>prf</subfield>
              
              <subfield code = '0'>no 98112539</subfield>
            </datafield> <datafield ind1='1' ind2=' ' tag='700'>
              <subfield code = 'a'>Elias, Taiseer.</subfield>
              
              <subfield code='4'>itr</subfield>
              
              <subfield code = '0'>n 2013062058</subfield>
            </datafield> <datafield ind1='1' ind2=' ' tag='700'>
              <subfield code = 'a'>Biron, Avner.</subfield>
              
              <subfield code='4'>cnd</subfield>
              
              <subfield code = '0'>no 98109005</subfield>
            </datafield> <datafield ind1='1' ind2=' ' tag='700'>
              <subfield code = 'a'>Nebenhaus, Menahem.</subfield>
              
              <subfield code='4'>cnd</subfield>
              <subfield code = '2'>viaf</subfield>
              <subfield code = '0'>51933407</subfield>
            </datafield>
            <datafield ind1='4' ind2='2' tag='856'>
            <subfield code='z'>Search and Request</subfield>
            <subfield code = 'u'>https://findingaids.princeton.edu/catalog/aspace_4eb029eb03d09765cfcbadf35044166a</subfield>
            <subfield code='y'>Princeton University Library Finding Aids</subfield>
            </datafield>
            <datafield ind1=' ' ind2=' ' tag='982'><subfield code='c'></subfield></datafield>
          </record>