
<record>
            <leader>00000nimaa22000002u 4500</leader>
            <controlfield tag='001'>aspace_23d71dbfb9bb582168403dc4c396b41c</controlfield>
            <controlfield tag='003'>PULFA</controlfield>
            <controlfield tag="008">000000e20022002xx      |           fre d</controlfield>
            <datafield ind1=' ' ind2=' ' tag='035'>
          <subfield code='a'>(PULFA)aspace_23d71dbfb9bb582168403dc4c396b41c</subfield>
          </datafield>
            <datafield ind1=" " ind2=" " tag="040">
        <subfield code="a">NjP</subfield>
        <subfield code="b">eng</subfield>
        <subfield code="e">dacs</subfield>
        <subfield code="c">NjP</subfield>
        </datafield>
            <datafield ind1=' ' ind2=' ' tag='041'>
            <subfield code='c'>fre</subfield>
          </datafield>
            <datafield ind1=' ' ind2=' ' tag='046'>
                <subfield code='a'>i</subfield>
                <subfield code='c'>2002</subfield>
                <subfield code='e'>2002</subfield>
              </datafield>
            <datafield ind1=' ' ind2=' ' tag='099'>
          <subfield code = 'a'>aspace_23d71dbfb9bb582168403dc4c396b41c</subfield>
          </datafield>
            <datafield ind1='1' ind2='0' tag='100'>
                  <subfield code = 'a'>Shohat, Gil, 1973-</subfield>
                  
                  <subfield code='4'>cmp</subfield>
                  
                  <subfield code = '0'>no2005009548</subfield>
                </datafield>
            <datafield ind1=' ' ind2=' ' tag='245'>
          <subfield code = 'a'>Le cantate de l'extase : Symphonie no. 6</subfield>
          <subfield code = 'f'>2002</subfield>
          </datafield>
            
            <datafield ind1=' ' ind2=' ' tag='506'>
          <subfield code = 'a'>Collection is open for research use.</subfield>
          </datafield>
            <datafield ind1=' ' ind2=' ' tag='520'>
            <subfield code = 'a'>1. Introduzione - 2. Sh'on Hamayim (Aria) - 3. Interludio - 4. The ecstasy (duetto) - 5. Le confiteor de l'artist (aria) - 6. Interludio - 7. Peace (Choeur) - 8. Finale</subfield>
            </datafield>
            
            
            
            
            
            <datafield ind1='1' ind2=' ' tag='700'>
              <subfield code = 'a'>Shohat, Gil, 1973-</subfield>
              
              <subfield code='4'>cmp</subfield>
              
              <subfield code = '0'>no2005009548</subfield>
            </datafield> <datafield ind1='1' ind2=' ' tag='700'>
              <subfield code = 'a'>Ravikovitch, Dalia, 1936-2005.</subfield>
              
              <subfield code='4'>lyr</subfield>
              
              <subfield code = '0'>n 85327033</subfield>
            </datafield> <datafield ind1='1' ind2=' ' tag='700'>
              <subfield code = 'a'>Donne, John, 1572-1631.</subfield>
              
              <subfield code='4'>lyr</subfield>
              
              <subfield code = '0'>n 79069876</subfield>
            </datafield> <datafield ind1='1' ind2=' ' tag='700'>
              <subfield code = 'a'>Baudelaire, Charles, 1821-1867.</subfield>
              
              <subfield code='4'>lyr</subfield>
              
              
            </datafield> <datafield ind1='1' ind2=' ' tag='700'>
              <subfield code = 'a'>Vaughan, Henry, 1621-1695.</subfield>
              
              <subfield code='4'>lyr</subfield>
              
              <subfield code = '0'>n 80021762</subfield>
            </datafield> <datafield ind1='1' ind2=' ' tag='700'>
              <subfield code = 'a'>Rostorf-Zamir, Sharon.</subfield>
              
              <subfield code='4'>sng</subfield>
              <subfield code = '2'>naf</subfield>
              <subfield code = '0'>no 98098221</subfield>
            </datafield> <datafield ind1='1' ind2=' ' tag='700'>
              <subfield code = 'a'>Kol, Bracha.</subfield>
              
              <subfield code='4'>sng</subfield>
              <subfield code = '2'>naf</subfield>
              <subfield code = '0'>no2010070585</subfield>
            </datafield> <datafield ind1='2' ind2=' ' tag='710'>
              <subfield code = 'a'>Moran Choir.</subfield>
              
              <subfield code='4'>prf</subfield>
              
              <subfield code = '0'>n 2022055911</subfield>
            </datafield> <datafield ind1='1' ind2=' ' tag='700'>
              <subfield code = 'a'>Rodan, Mendi, 1929-2009.</subfield>
              
              <subfield code='4'>cnd</subfield>
              <subfield code = '2'>naf</subfield>
              <subfield code = '0'>n 82131640</subfield>
            </datafield> <datafield ind1='2' ind2=' ' tag='710'>
              <subfield code = 'a'>Israel Symphony Orchestra Rishon-Lezion.</subfield>
              
              <subfield code='4'>prf</subfield>
              
              <subfield code = '0'>nr 94026570</subfield>
            </datafield>
            <datafield ind1='4' ind2='2' tag='856'>
            <subfield code='z'>Search and Request</subfield>
            <subfield code = 'u'>https://findingaids.princeton.edu/catalog/aspace_23d71dbfb9bb582168403dc4c396b41c</subfield>
            <subfield code='y'>Princeton University Library Finding Aids</subfield>
            </datafield>
            <datafield ind1=' ' ind2=' ' tag='982'><subfield code='c'></subfield></datafield>
          </record>