
<record>
            <leader>00000nimaa22000002u 4500</leader>
            <controlfield tag='001'>aspace_d32ba7610ae0454bc8b13c132ddc82a0</controlfield>
            <controlfield tag='003'>PULFA</controlfield>
            <controlfield tag="008">000000e20082008xx      |           eng d</controlfield>
            <datafield ind1=' ' ind2=' ' tag='035'>
          <subfield code='a'>(PULFA)aspace_d32ba7610ae0454bc8b13c132ddc82a0</subfield>
          </datafield>
            <datafield ind1=" " ind2=" " tag="040">
        <subfield code="a">NjP</subfield>
        <subfield code="b">eng</subfield>
        <subfield code="e">dacs</subfield>
        <subfield code="c">NjP</subfield>
        </datafield>
            <datafield ind1=' ' ind2=' ' tag='041'>
            <subfield code='c'>eng</subfield>
          </datafield>
            <datafield ind1=' ' ind2=' ' tag='046'>
                <subfield code='a'>i</subfield>
                <subfield code='c'>2008</subfield>
                <subfield code='e'>2008</subfield>
              </datafield>
            <datafield ind1=' ' ind2=' ' tag='099'>
          <subfield code = 'a'>aspace_d32ba7610ae0454bc8b13c132ddc82a0</subfield>
          </datafield>
            <datafield ind1='1' ind2='0' tag='100'>
                  <subfield code = 'a'>Lyadov, Anatoly Konstantinovich, 1855-1914.</subfield>
                  
                  <subfield code='4'>cmp</subfield>
                  
                  <subfield code = '0'>n 80158640</subfield>
                </datafield>
            <datafield ind1=' ' ind2=' ' tag='245'>
          <subfield code = 'a'>Liadov, Yusupov, Dvořák, Tchaikovsky</subfield>
          <subfield code = 'f'>2008</subfield>
          </datafield>
            
            <datafield ind1=' ' ind2=' ' tag='506'>
          <subfield code = 'a'>Collection is open for research use.</subfield>
          </datafield>
            <datafield ind1=' ' ind2=' ' tag='520'>
            <subfield code = 'a'>Kikimora / A. Liadov (8:22) -- Cello concerto / B. Yusupov (26:09) -- Cello concerto / A. Dvořák (38:35) -- Lensky's aria : (from Eugenie Onegin) / P. Tchaikovsky (6:31)</subfield>
            </datafield>
            
            
            
            
            
            <datafield ind1='1' ind2=' ' tag='700'>
              <subfield code = 'a'>Lyadov, Anatoly Konstantinovich, 1855-1914.</subfield>
              
              <subfield code='4'>cmp</subfield>
              
              <subfield code = '0'>n 80158640</subfield>
            </datafield> <datafield ind1='1' ind2=' ' tag='700'>
              <subfield code = 'a'>Yusupov, Benjamin, 1962-</subfield>
              
              <subfield code='4'>cmp</subfield>
              <subfield code = '2'>naf</subfield>
              <subfield code = '0'>nr2004012500</subfield>
            </datafield> <datafield ind1='1' ind2=' ' tag='700'>
              <subfield code = 'a'>Dvořák, Antonín, 1841-1904.</subfield>
              
              <subfield code='4'>cmp</subfield>
              
              
            </datafield> <datafield ind1='1' ind2=' ' tag='700'>
              <subfield code = 'a'>Tchaikovsky, Peter Ilich, 1840-1893.</subfield>
              
              <subfield code='4'>cmp</subfield>
              
              
            </datafield> <datafield ind1='1' ind2=' ' tag='700'>
              <subfield code = 'a'>Maisky, Mischa.</subfield>
              
              <subfield code='4'>itr</subfield>
              
              <subfield code = '0'>n 85173108</subfield>
            </datafield> <datafield ind1='2' ind2=' ' tag='710'>
              <subfield code = 'a'>Luzerner Sinfonieorchester.</subfield>
              
              <subfield code='4'>prf</subfield>
              
              <subfield code = '0'>no2005108236</subfield>
            </datafield>
            <datafield ind1='4' ind2='2' tag='856'>
            <subfield code='z'>Search and Request</subfield>
            <subfield code = 'u'>https://findingaids.princeton.edu/catalog/aspace_d32ba7610ae0454bc8b13c132ddc82a0</subfield>
            <subfield code='y'>Princeton University Library Finding Aids</subfield>
            </datafield>
            <datafield ind1=' ' ind2=' ' tag='982'><subfield code='c'></subfield></datafield>
          </record>