
<record>
            <leader>00000nimaa22000002u 4500</leader>
            <controlfield tag='001'>aspace_9973ed52e8c0b9ded97449fd520fd18a</controlfield>
            <controlfield tag='003'>PULFA</controlfield>
            <controlfield tag="008">000000e20012001xx      |           heb d</controlfield>
            <datafield ind1=' ' ind2=' ' tag='035'>
          <subfield code='a'>(PULFA)aspace_9973ed52e8c0b9ded97449fd520fd18a</subfield>
          </datafield>
            <datafield ind1=" " ind2=" " tag="040">
        <subfield code="a">NjP</subfield>
        <subfield code="b">eng</subfield>
        <subfield code="e">dacs</subfield>
        <subfield code="c">NjP</subfield>
        </datafield>
            <datafield ind1=' ' ind2=' ' tag='041'>
            <subfield code='c'>heb</subfield>
          </datafield>
            <datafield ind1=' ' ind2=' ' tag='046'>
                <subfield code='a'>i</subfield>
                <subfield code='c'>2001</subfield>
                <subfield code='e'>2001</subfield>
              </datafield>
            <datafield ind1=' ' ind2=' ' tag='099'>
          <subfield code = 'a'>aspace_9973ed52e8c0b9ded97449fd520fd18a</subfield>
          </datafield>
            <datafield ind1='1' ind2='0' tag='100'>
                  <subfield code = 'a'>Stern, Max, 1947-</subfield>
                  
                  <subfield code='4'>cmp</subfield>
                  
                  <subfield code = '0'>nr 90011884</subfield>
                </datafield>
            <datafield ind1=' ' ind2=' ' tag='245'>
          <subfield code = 'a'>Mosaic</subfield>
          <subfield code = 'f'>2001</subfield>
          </datafield>
            
            <datafield ind1=' ' ind2=' ' tag='506'>
          <subfield code = 'a'>Collection is open for research use.</subfield>
          </datafield>
            <datafield ind1=' ' ind2=' ' tag='520'>
            <subfield code = 'a'>Bedouin impression : (1989) -- Terezin songs : (1969/2000) -- Mosaic : six synagogue tesserae -- Shofar (traditional call) -- Yobel : jubille for orchestra (1998) -- Trio : three pastorals (1969/1984) -- Motets on Chanukah songs : (1971)</subfield>
            </datafield>
            
            
            
            
            
            <datafield ind1='1' ind2=' ' tag='700'>
              <subfield code = 'a'>Stern, Max, 1947-</subfield>
              
              <subfield code='4'>cmp</subfield>
              
              <subfield code = '0'>nr 90011884</subfield>
            </datafield> <datafield ind1='1' ind2=' ' tag='700'>
              <subfield code = 'a'>Segev, Inbal.</subfield>
              
              <subfield code='4'>itr</subfield>
              
              <subfield code = '0'>n 2005011215</subfield>
            </datafield> <datafield ind1='1' ind2=' ' tag='700'>
              <subfield code = 'a'>Valoŭsková, Kristýna.</subfield>
              
              <subfield code='4'>sng</subfield>
              
              <subfield code = '0'>n 2004069057</subfield>
            </datafield> <datafield ind1='2' ind2=' ' tag='710'>
              <subfield code = 'a'>Musica Gaudeans.</subfield>
              
              <subfield code='4'>prf</subfield>
              <subfield code = '2'>viaf</subfield>
              <subfield code = '0'>155273570</subfield>
            </datafield> <datafield ind1='1' ind2=' ' tag='700'>
              <subfield code = 'a'>Morbo, Claudio.</subfield>
              
              <subfield code='4'>cnd</subfield>
              <subfield code = '2'>viaf</subfield>
              <subfield code = '0'>106306681</subfield>
            </datafield> <datafield ind1='2' ind2=' ' tag='710'>
              <subfield code = 'a'>Sinfonyetah ha-Yiśreʼelit.</subfield>
              
              <subfield code='4'>prf</subfield>
              
              <subfield code = '0'>n 88678484</subfield>
            </datafield> <datafield ind1='1' ind2=' ' tag='700'>
              <subfield code = 'a'>Mayer, Uri, 1946-</subfield>
              
              <subfield code='4'>cnd</subfield>
              
              <subfield code = '0'>n 83065587</subfield>
            </datafield> <datafield ind1='1' ind2=' ' tag='700'>
              <subfield code = 'a'>Zehnder, Kaspar, 1970-</subfield>
              
              <subfield code='4'>itr</subfield>
              
              <subfield code = '0'>no2012004405</subfield>
            </datafield>
            <datafield ind1='4' ind2='2' tag='856'>
            <subfield code='z'>Search and Request</subfield>
            <subfield code = 'u'>https://findingaids.princeton.edu/catalog/aspace_9973ed52e8c0b9ded97449fd520fd18a</subfield>
            <subfield code='y'>Princeton University Library Finding Aids</subfield>
            </datafield>
            <datafield ind1=' ' ind2=' ' tag='982'><subfield code='c'></subfield></datafield>
          </record>