
<record>
            <leader>00000nimaa22000002u 4500</leader>
            <controlfield tag='001'>aspace_c6c75e8c9ec116cb274812e2ca17dc81</controlfield>
            <controlfield tag='003'>PULFA</controlfield>
            <controlfield tag="008">000000e20052005xx      |           eng d</controlfield>
            <datafield ind1=' ' ind2=' ' tag='035'>
          <subfield code='a'>(PULFA)aspace_c6c75e8c9ec116cb274812e2ca17dc81</subfield>
          </datafield>
            <datafield ind1=" " ind2=" " tag="040">
        <subfield code="a">NjP</subfield>
        <subfield code="b">eng</subfield>
        <subfield code="e">dacs</subfield>
        <subfield code="c">NjP</subfield>
        </datafield>
            <datafield ind1=' ' ind2=' ' tag='041'>
            <subfield code='c'>eng</subfield>
          </datafield>
            <datafield ind1=' ' ind2=' ' tag='046'>
                <subfield code='a'>i</subfield>
                <subfield code='c'>2005</subfield>
                <subfield code='e'>2005</subfield>
              </datafield>
            <datafield ind1=' ' ind2=' ' tag='099'>
          <subfield code = 'a'>aspace_c6c75e8c9ec116cb274812e2ca17dc81</subfield>
          </datafield>
            <datafield ind1='1' ind2='0' tag='100'>
                  <subfield code = 'a'>Zur, M.</subfield>
                  
                  <subfield code='4'>cmp</subfield>
                  
                  <subfield code = '0'>n 85230163</subfield>
                </datafield>
            <datafield ind1=' ' ind2=' ' tag='245'>
          <subfield code = 'a'>Music in time</subfield>
          <subfield code = 'f'>2005</subfield>
          </datafield>
            
            <datafield ind1=' ' ind2=' ' tag='506'>
          <subfield code = 'a'>Collection is open for research use.</subfield>
          </datafield>
            <datafield ind1=' ' ind2=' ' tag='520'>
            <subfield code = 'a'>CD 1: Sonata no. 2 : for cello and piano / Menachem Zur (16:40) -- Cantus II [for string quartet] / Mark Kopytman (12:09) -- Bat Yiftach = Jephtha's daughter : for soprano, baritone, French horn and mixed chorus / Aharon Harlap (9:05) -- ForteCelloPiano (Sad City) : for cello and piano / Ari Ben-Shabetai (8:38) -- De profundis = Mima'amakim : for string orchestra / Tzvi Avni (10:48) -- In memoriam : for 8 celli / Vladimir Scolnic (16:02). CD 2: Monodialogue : fantasy for viola solo / Menachem Wiesenberg (13:22) -- Bagatelles : for flute and piano / Yinam Leef (10:08) -- Michtamim = Epigrams : for women's choir and saxophone / Michael Wolpe (14:51) -- Sonata brevis : for 2 pianos / Haim Alexander (12:27) -- Clarinet quintet / Haim Permont (14:45) -- Largo dolente : for cello and piano / Sergiu Shapira (6:36) -- Voyages : for orchestra / Ayal Adler (7:06)</subfield>
            </datafield>
            
            
            
            
            
            <datafield ind1='1' ind2=' ' tag='700'>
              <subfield code = 'a'>Zur, M.</subfield>
              
              <subfield code='4'>cmp</subfield>
              
              <subfield code = '0'>n 85230163</subfield>
            </datafield> <datafield ind1='1' ind2=' ' tag='700'>
              <subfield code = 'a'>Kopytman, Mark, 1929-2011.</subfield>
              
              <subfield code='4'>cmp</subfield>
              
              <subfield code = '0'>n 82101522</subfield>
            </datafield> <datafield ind1='1' ind2=' ' tag='700'>
              <subfield code = 'a'>Harlap, Aharon, 1941-</subfield>
              
              <subfield code='4'>cmp</subfield>
              
              <subfield code = '0'>n 82149144</subfield>
            </datafield> <datafield ind1='1' ind2=' ' tag='700'>
              <subfield code = 'a'>Ben-Shabetai, Ari.</subfield>
              
              <subfield code='4'>cmp</subfield>
              
              <subfield code = '0'>nr 00031316</subfield>
            </datafield> <datafield ind1='1' ind2=' ' tag='700'>
              <subfield code = 'a'>Avni, Tzvi, 1927-</subfield>
              
              <subfield code='4'>cmp</subfield>
              <subfield code = '2'>naf</subfield>
              <subfield code = '0'>n 79100200</subfield>
            </datafield> <datafield ind1='1' ind2=' ' tag='700'>
              <subfield code = 'a'>Scolnic, Vladimir, 1947-</subfield>
              
              <subfield code='4'>cmp</subfield>
              
              <subfield code = '0'>no2005009576</subfield>
            </datafield> <datafield ind1='1' ind2=' ' tag='700'>
              <subfield code = 'a'>Wiesenberg, Menachem, 1950-</subfield>
              
              <subfield code='4'>cmp</subfield>
              
              <subfield code = '0'>nr 94026704</subfield>
            </datafield> <datafield ind1='1' ind2=' ' tag='700'>
              <subfield code = 'a'>Leef, Yinam.</subfield>
              
              <subfield code='4'>cmp</subfield>
              
              <subfield code = '0'>n 84040515</subfield>
            </datafield> <datafield ind1='1' ind2=' ' tag='700'>
              <subfield code = 'a'>Wolpe, Michael, 1960-</subfield>
              
              <subfield code='4'>cmp</subfield>
              
              <subfield code = '0'>no2005120795</subfield>
            </datafield> <datafield ind1='1' ind2=' ' tag='700'>
              <subfield code = 'a'>Alexander, Haim, 1915-2012.</subfield>
              
              <subfield code='4'>cmp</subfield>
              
              <subfield code = '0'>n 79135300</subfield>
            </datafield> <datafield ind1='1' ind2=' ' tag='700'>
              <subfield code = 'a'>Permont, Haim.</subfield>
              
              <subfield code='4'>cmp</subfield>
              
              <subfield code = '0'>n 91101747</subfield>
            </datafield> <datafield ind1='1' ind2=' ' tag='700'>
              <subfield code = 'a'>Shapira, Sergiu.</subfield>
              
              <subfield code='4'>cmp</subfield>
              
              <subfield code = '0'>no2004121556</subfield>
            </datafield> <datafield ind1='1' ind2=' ' tag='700'>
              <subfield code = 'a'>Adler, Ayal, 1968-</subfield>
              
              <subfield code='4'>cmp</subfield>
              
              <subfield code = '0'>no2006032090</subfield>
            </datafield>
            <datafield ind1='4' ind2='2' tag='856'>
            <subfield code='z'>Search and Request</subfield>
            <subfield code = 'u'>https://findingaids.princeton.edu/catalog/aspace_c6c75e8c9ec116cb274812e2ca17dc81</subfield>
            <subfield code='y'>Princeton University Library Finding Aids</subfield>
            </datafield>
            <datafield ind1=' ' ind2=' ' tag='982'><subfield code='c'></subfield></datafield>
          </record>