
<record>
            <leader>00000nimaa22000002u 4500</leader>
            <controlfield tag='001'>aspace_3d93c4e2c6392944b5237153114d2f85</controlfield>
            <controlfield tag='003'>PULFA</controlfield>
            <controlfield tag="008">000000e20032003xx      |           eng d</controlfield>
            <datafield ind1=' ' ind2=' ' tag='035'>
          <subfield code='a'>(PULFA)aspace_3d93c4e2c6392944b5237153114d2f85</subfield>
          </datafield>
            <datafield ind1=" " ind2=" " tag="040">
        <subfield code="a">NjP</subfield>
        <subfield code="b">eng</subfield>
        <subfield code="e">dacs</subfield>
        <subfield code="c">NjP</subfield>
        </datafield>
            <datafield ind1=' ' ind2=' ' tag='041'>
            <subfield code='c'>eng</subfield>
          </datafield>
            <datafield ind1=' ' ind2=' ' tag='046'>
                <subfield code='a'>i</subfield>
                <subfield code='c'>2003</subfield>
                <subfield code='e'>2003</subfield>
              </datafield>
            <datafield ind1=' ' ind2=' ' tag='099'>
          <subfield code = 'a'>aspace_3d93c4e2c6392944b5237153114d2f85</subfield>
          </datafield>
            <datafield ind1='1' ind2='0' tag='100'>
                  <subfield code = 'a'>Kefeli, Abraham.</subfield>
                  
                  <subfield code='4'>prf</subfield>
                  
                  <subfield code = '0'>2006023099</subfield>
                </datafield>
            <datafield ind1=' ' ind2=' ' tag='245'>
          <subfield code = 'a'>Music from Ein Kerem 2003</subfield>
          <subfield code = 'f'>2003</subfield>
          </datafield>
            
            <datafield ind1=' ' ind2=' ' tag='506'>
          <subfield code = 'a'>Collection is open for research use.</subfield>
          </datafield>
            <datafield ind1=' ' ind2=' ' tag='520'>
            <subfield code = 'a'>Arpegiatto (2000) - Sacred reminiscence (2002) - Two pieces for oboe and band (2001) - Five flights of a one day butterfly (1990) - piano sonata (1991) - Legend (1993)</subfield>
            </datafield>
            
            
            
            
            
            <datafield ind1='1' ind2=' ' tag='700'>
              <subfield code = 'a'>Kefeli, Abraham.</subfield>
              
              <subfield code='4'>prf</subfield>
              
              <subfield code = '0'>2006023099</subfield>
            </datafield> <datafield ind1='2' ind2=' ' tag='710'>
              <subfield code = 'a'>Rostovskiĭ akademicheskiĭ simfonicheskiĭ orkestr.</subfield>
              
              <subfield code='4'>prf</subfield>
              
              <subfield code = '0'>2005056762</subfield>
            </datafield> <datafield ind1='1' ind2=' ' tag='700'>
              <subfield code = 'a'>Ajiashvili, Hana, 1972-</subfield>
              
              <subfield code='4'>cmp</subfield>
              
              <subfield code = '0'>2022143373</subfield>
            </datafield> <datafield ind1='1' ind2=' ' tag='700'>
              <subfield code = 'a'>Volniansky, Karel, 1965-</subfield>
              
              <subfield code='4'>cmp</subfield>
              
              <subfield code = '0'>2013069607</subfield>
            </datafield>
            <datafield ind1='4' ind2='2' tag='856'>
            <subfield code='z'>Search and Request</subfield>
            <subfield code = 'u'>https://findingaids.princeton.edu/catalog/aspace_3d93c4e2c6392944b5237153114d2f85</subfield>
            <subfield code='y'>Princeton University Library Finding Aids</subfield>
            </datafield>
            <datafield ind1=' ' ind2=' ' tag='982'><subfield code='c'></subfield></datafield>
          </record>