
<record>
            <leader>00000nimaa22000002u 4500</leader>
            <controlfield tag='001'>aspace_68c44dc83a4adefca17bbaf6bab9e1e7</controlfield>
            <controlfield tag='003'>PULFA</controlfield>
            <controlfield tag="008">000000e19911991xx      |           eng d</controlfield>
            <datafield ind1=' ' ind2=' ' tag='035'>
          <subfield code='a'>(PULFA)aspace_68c44dc83a4adefca17bbaf6bab9e1e7</subfield>
          </datafield>
            <datafield ind1=" " ind2=" " tag="040">
        <subfield code="a">NjP</subfield>
        <subfield code="b">eng</subfield>
        <subfield code="e">dacs</subfield>
        <subfield code="c">NjP</subfield>
        </datafield>
            <datafield ind1=' ' ind2=' ' tag='041'>
            <subfield code='c'>eng</subfield>
          </datafield>
            <datafield ind1=' ' ind2=' ' tag='046'>
                <subfield code='a'>i</subfield>
                <subfield code='c'>1991</subfield>
                <subfield code='e'>1991</subfield>
              </datafield>
            <datafield ind1=' ' ind2=' ' tag='099'>
          <subfield code = 'a'>aspace_68c44dc83a4adefca17bbaf6bab9e1e7</subfield>
          </datafield>
            <datafield ind1='1' ind2='0' tag='100'>
                  <subfield code = 'a'>Reichel, Edward, 1953-</subfield>
                  
                  <subfield code='4'>cmp</subfield>
                  
                  <subfield code = '0'>no 96001138</subfield>
                </datafield>
            <datafield ind1=' ' ind2=' ' tag='245'>
          <subfield code = 'a'>Music from six continents, 1991 series</subfield>
          <subfield code = 'f'>1991</subfield>
          </datafield>
            
            <datafield ind1=' ' ind2=' ' tag='506'>
          <subfield code = 'a'>Collection is open for research use.</subfield>
          </datafield>
            <datafield ind1=' ' ind2=' ' tag='520'>
            <subfield code = 'a'>Configurations (5:25) / Edward Reichel -- Rising night after night (21:31) / Mary Jeanne van Appledorn -- Dedications for strings (4:21) / Dinos Constantinides -- A girl named Limonad / Tsippi Fleischer -- Aukele = (The swimmer) (18:31) / Jerré Tanner</subfield>
            </datafield>
            
            
            
            
            
            <datafield ind1='1' ind2=' ' tag='700'>
              <subfield code = 'a'>Reichel, Edward, 1953-</subfield>
              
              <subfield code='4'>cmp</subfield>
              
              <subfield code = '0'>no 96001138</subfield>
            </datafield> <datafield ind1='1' ind2=' ' tag='700'>
              <subfield code = 'a'>Van Appledorn, Mary Jeanne, 1927-2014.</subfield>
              
              <subfield code='4'>cmp</subfield>
              
              <subfield code = '0'>n 85160640</subfield>
            </datafield> <datafield ind1='1' ind2=' ' tag='700'>
              <subfield code = 'a'>Constantinides, Dinos.</subfield>
              
              <subfield code='4'>cmp</subfield>
              
              <subfield code = '0'>n 82045568</subfield>
            </datafield> <datafield ind1='1' ind2=' ' tag='700'>
              <subfield code = 'a'>Fleischer, Tsippi, 1946-</subfield>
              
              <subfield code='4'>cmp</subfield>
              
              <subfield code = '0'>n 92110571</subfield>
            </datafield> <datafield ind1='1' ind2=' ' tag='700'>
              <subfield code = 'a'>Tanner, Jerré E.</subfield>
              
              <subfield code='4'>cmp</subfield>
              
              <subfield code = '0'>n 81023041</subfield>
            </datafield> <datafield ind1='1' ind2=' ' tag='700'>
              <subfield code = 'a'>Oswald, Peter, 1946-</subfield>
              
              <subfield code='4'>prf</subfield>
              
              <subfield code = '0'>no 95003368</subfield>
            </datafield> <datafield ind1='1' ind2=' ' tag='700'>
              <subfield code = 'a'>Valíková, Dagmar, 1964-</subfield>
              
              <subfield code='4'>prf</subfield>
              
              <subfield code = '0'>no 95003369</subfield>
            </datafield> <datafield ind1='1' ind2=' ' tag='700'>
              <subfield code = 'a'>Ludha, L̕udovít.</subfield>
              
              <subfield code='4'>prf</subfield>
              
              <subfield code = '0'>n 96001462</subfield>
            </datafield> <datafield ind1='1' ind2=' ' tag='700'>
              <subfield code = 'a'>Novák, Richard.</subfield>
              
              <subfield code='4'>prf</subfield>
              
              <subfield code = '0'>n 83056952</subfield>
            </datafield> <datafield ind1='1' ind2=' ' tag='700'>
              <subfield code = 'a'>Kawalla, Szymon, 1949-</subfield>
              
              <subfield code='4'>cnd</subfield>
              
              <subfield code = '0'>n 88666891</subfield>
            </datafield> <datafield ind1='1' ind2=' ' tag='700'>
              <subfield code = 'a'>Dohnányi, Oliver.</subfield>
              
              <subfield code='4'>cnd</subfield>
              
              <subfield code = '0'>n 87102665</subfield>
            </datafield> <datafield ind1='1' ind2=' ' tag='700'>
              <subfield code = 'a'>Ronly-Riklis, Shalom.</subfield>
              
              <subfield code='4'>cnd</subfield>
              
              <subfield code = '0'>n 85150020</subfield>
            </datafield> <datafield ind1='2' ind2=' ' tag='710'>
              <subfield code = 'a'>Israel. Rashut ha-shidur. Tizmoret.</subfield>
              
              <subfield code='4'>prf</subfield>
              <subfield code = '2'>naf</subfield>
              <subfield code = '0'>n 88678276</subfield>
            </datafield> <datafield ind1='2' ind2=' ' tag='710'>
              <subfield code = 'a'>Polskie Radio i Telewizja. Orkiestra w Krakowie.</subfield>
              
              <subfield code='4'>prf</subfield>
              
              <subfield code = '0'>n 88647157</subfield>
            </datafield> <datafield ind1='2' ind2=' ' tag='710'>
              <subfield code = 'a'>Symfonický orchester Čs. rozhlasu v Bratislave.</subfield>
              
              <subfield code='4'>prf</subfield>
              
              <subfield code = '0'>n 87812464</subfield>
            </datafield> <datafield ind1='2' ind2=' ' tag='710'>
              <subfield code = 'a'>Spevácky zbor mesta Bratislavy.</subfield>
              
              <subfield code='4'>prf</subfield>
              
              <subfield code = '0'>no 99057617</subfield>
            </datafield>
            <datafield ind1='4' ind2='2' tag='856'>
            <subfield code='z'>Search and Request</subfield>
            <subfield code = 'u'>https://findingaids.princeton.edu/catalog/aspace_68c44dc83a4adefca17bbaf6bab9e1e7</subfield>
            <subfield code='y'>Princeton University Library Finding Aids</subfield>
            </datafield>
            <datafield ind1=' ' ind2=' ' tag='982'><subfield code='c'></subfield></datafield>
          </record>