
<record>
            <leader>00000nimaa22000002u 4500</leader>
            <controlfield tag='001'>aspace_0fbe780156cdf7afd5ce510777c592cd</controlfield>
            <controlfield tag='003'>PULFA</controlfield>
            <controlfield tag="008">000000e20062006xx      |           heb d</controlfield>
            <datafield ind1=' ' ind2=' ' tag='035'>
          <subfield code='a'>(PULFA)aspace_0fbe780156cdf7afd5ce510777c592cd</subfield>
          </datafield>
            <datafield ind1=" " ind2=" " tag="040">
        <subfield code="a">NjP</subfield>
        <subfield code="b">eng</subfield>
        <subfield code="e">dacs</subfield>
        <subfield code="c">NjP</subfield>
        </datafield>
            <datafield ind1=' ' ind2=' ' tag='041'>
            <subfield code='c'>heb</subfield>
          </datafield>
            <datafield ind1=' ' ind2=' ' tag='046'>
                <subfield code='a'>i</subfield>
                <subfield code='c'>2006</subfield>
                <subfield code='e'>2006</subfield>
              </datafield>
            <datafield ind1=' ' ind2=' ' tag='099'>
          <subfield code = 'a'>aspace_0fbe780156cdf7afd5ce510777c592cd</subfield>
          </datafield>
            <datafield ind1='1' ind2='0' tag='100'>
                  <subfield code = 'a'>Kefeli, Abraham.</subfield>
                  
                  <subfield code='4'>cmp</subfield>
                  
                  <subfield code = '0'>2006023099</subfield>
                </datafield>
            <datafield ind1=' ' ind2=' ' tag='245'>
          <subfield code = 'a'>Musical compositions</subfield>
          <subfield code = 'f'>2006</subfield>
          </datafield>
            
            <datafield ind1=' ' ind2=' ' tag='506'>
          <subfield code = 'a'>Collection is open for research use.</subfield>
          </datafield>
            <datafield ind1=' ' ind2=' ' tag='520'>
            <subfield code = 'a'>Carmecordino : quintet for piano, flute, violin, violoncello and percussions : (2004) (8:08) -- Variations on the Karaitic folksong "Allef Binha" string quartet : (1993) (19:56) -- Ce-li-ha : quintet for piano, flute, violin, violoncello and percussions : (1996) (14:19) -- A song of ascents : night-music for synthesizers ALESIS : (1993) (20:51) -- Dream of the gypsy baron : for string orchestra and piano (2000) (10:57) -- Piano concerto on Crimean karaim's liturgy fragment "Qumu barehu" (1997) (20:50) -- GENESIS for free-jazz quartet (13:02) -- Sonata for cello and piano (17:28)</subfield>
            </datafield>
            
            
            
            
            
            <datafield ind1='1' ind2=' ' tag='700'>
              <subfield code = 'a'>Kefeli, Abraham.</subfield>
              
              <subfield code='4'>cmp</subfield>
              
              <subfield code = '0'>2006023099</subfield>
            </datafield> <datafield ind1='2' ind2=' ' tag='710'>
              <subfield code = 'a'>Igud ha-ḳompoziṭorim be-Yiśraʼel.</subfield>
              
              <subfield code='4'>spn</subfield>
              
              <subfield code = '0'>n 85355921</subfield>
            </datafield>
            <datafield ind1='4' ind2='2' tag='856'>
            <subfield code='z'>Search and Request</subfield>
            <subfield code = 'u'>https://findingaids.princeton.edu/catalog/aspace_0fbe780156cdf7afd5ce510777c592cd</subfield>
            <subfield code='y'>Princeton University Library Finding Aids</subfield>
            </datafield>
            <datafield ind1=' ' ind2=' ' tag='982'><subfield code='c'></subfield></datafield>
          </record>