
<record>
            <leader>00000nimaa22000002u 4500</leader>
            <controlfield tag='001'>aspace_4ca2bf6063f1ce0af3938632878c4b9e</controlfield>
            <controlfield tag='003'>PULFA</controlfield>
            <controlfield tag="008">000000e20072007xx      |           jpn d</controlfield>
            <datafield ind1=' ' ind2=' ' tag='035'>
          <subfield code='a'>(PULFA)aspace_4ca2bf6063f1ce0af3938632878c4b9e</subfield>
          </datafield>
            <datafield ind1=" " ind2=" " tag="040">
        <subfield code="a">NjP</subfield>
        <subfield code="b">eng</subfield>
        <subfield code="e">dacs</subfield>
        <subfield code="c">NjP</subfield>
        </datafield>
            <datafield ind1=' ' ind2=' ' tag='041'>
            <subfield code='c'>jpn</subfield>
          </datafield>
            <datafield ind1=' ' ind2=' ' tag='046'>
                <subfield code='a'>i</subfield>
                <subfield code='c'>2007</subfield>
                <subfield code='e'>2007</subfield>
              </datafield>
            <datafield ind1=' ' ind2=' ' tag='099'>
          <subfield code = 'a'>aspace_4ca2bf6063f1ce0af3938632878c4b9e</subfield>
          </datafield>
            <datafield ind1='1' ind2='0' tag='100'>
                  <subfield code = 'a'>Stern, Max, 1947-</subfield>
                  
                  <subfield code='4'>cmp</subfield>
                  
                  <subfield code = '0'>nr 90011884</subfield>
                </datafield>
            <datafield ind1=' ' ind2=' ' tag='245'>
          <subfield code = 'a'>Nebhel and Kinnor : ancient sounds of music</subfield>
          <subfield code = 'f'>2007</subfield>
          </datafield>
            
            <datafield ind1=' ' ind2=' ' tag='506'>
          <subfield code = 'a'>Collection is open for research use.</subfield>
          </datafield>
            <datafield ind1=' ' ind2=' ' tag='520'>
            <subfield code = 'a'>Nebhel and Kinnor : for ancient biblical harps and lyres (2007) (Rivka Amar, harp) (18:56) -- Three ancient pieces : flute and strings (1984 ; 2003) (Dafne Ishaki, flute ; Israel Sinfonietta ; Yaron Prensky, conductor) (10:44) -- Perek shirah : for narrator and winds (1981 ; 1991) (Chihiro Owada, narrator ; Tanpopo Children's chorus ; Bunkyo University Wind Orchestra) (10:34) -- Bedouin impressions : for string orchestra (2003) (Israel Sinfonietta ; Yaaron Traub, conductor) (9:17) -- Jacob struggling with the angel : for piano and orchestra (1991) (Bart Berman, piano ; Israel Sinfonietta ; Uri Mayer, conductor) (15:08)</subfield>
            </datafield>
            
            
            
            
            
            <datafield ind1='1' ind2=' ' tag='700'>
              <subfield code = 'a'>Stern, Max, 1947-</subfield>
              
              <subfield code='4'>cmp</subfield>
              
              <subfield code = '0'>nr 90011884</subfield>
            </datafield> <datafield ind1='1' ind2=' ' tag='700'>
              <subfield code = 'a'>Amar, Riva Arki.</subfield>
              
              <subfield code='4'>itr</subfield>
              <subfield code = '2'>viaf</subfield>
              <subfield code = '0'>40166922211043510087</subfield>
            </datafield> <datafield ind1='1' ind2=' ' tag='700'>
              <subfield code = 'a'>Traub, Yaron.</subfield>
              
              <subfield code='4'>cnd</subfield>
              
              <subfield code = '0'>n 2008068991</subfield>
            </datafield> <datafield ind1='1' ind2=' ' tag='700'>
              <subfield code = 'a'>Berman, Bart.</subfield>
              
              <subfield code='4'>itr</subfield>
              
              <subfield code = '0'>n 96005560</subfield>
            </datafield> <datafield ind1='1' ind2=' ' tag='700'>
              <subfield code = 'a'>Mayer, Uri, 1946-</subfield>
              
              <subfield code='4'>cnd</subfield>
              
              <subfield code = '0'>n 83065587</subfield>
            </datafield> <datafield ind1='2' ind2=' ' tag='710'>
              <subfield code = 'a'>Sinfonyetah ha-Yiśreʼelit.</subfield>
              
              <subfield code='4'>prf</subfield>
              
              <subfield code = '0'>n 88678484</subfield>
            </datafield>
            <datafield ind1='4' ind2='2' tag='856'>
            <subfield code='z'>Search and Request</subfield>
            <subfield code = 'u'>https://findingaids.princeton.edu/catalog/aspace_4ca2bf6063f1ce0af3938632878c4b9e</subfield>
            <subfield code='y'>Princeton University Library Finding Aids</subfield>
            </datafield>
            <datafield ind1=' ' ind2=' ' tag='982'><subfield code='c'></subfield></datafield>
          </record>