
<record>
            <leader>00000nimaa22000002u 4500</leader>
            <controlfield tag='001'>aspace_1a4b96caac19926abdc94000f67dc447</controlfield>
            <controlfield tag='003'>PULFA</controlfield>
            <controlfield tag="008">000000e20052005xx      |           heb d</controlfield>
            <datafield ind1=' ' ind2=' ' tag='035'>
          <subfield code='a'>(PULFA)aspace_1a4b96caac19926abdc94000f67dc447</subfield>
          </datafield>
            <datafield ind1=" " ind2=" " tag="040">
        <subfield code="a">NjP</subfield>
        <subfield code="b">eng</subfield>
        <subfield code="e">dacs</subfield>
        <subfield code="c">NjP</subfield>
        </datafield>
            <datafield ind1=' ' ind2=' ' tag='041'>
            <subfield code='c'>heb</subfield>
          </datafield>
            <datafield ind1=' ' ind2=' ' tag='046'>
                <subfield code='a'>i</subfield>
                <subfield code='c'>2005</subfield>
                <subfield code='e'>2005</subfield>
              </datafield>
            <datafield ind1=' ' ind2=' ' tag='099'>
          <subfield code = 'a'>aspace_1a4b96caac19926abdc94000f67dc447</subfield>
          </datafield>
            <datafield ind1='1' ind2='0' tag='100'>
                  <subfield code = 'a'>Akiva, Daniel, 1953-</subfield>
                  
                  <subfield code='4'>cmp</subfield>
                  
                  <subfield code = '0'>no2002002037</subfield>
                </datafield>
            <datafield ind1=' ' ind2=' ' tag='245'>
          <subfield code = 'a'>On wings of song : musical encounters in memory of Danny Cohen</subfield>
          <subfield code = 'f'>2005</subfield>
          </datafield>
            
            <datafield ind1=' ' ind2=' ' tag='506'>
          <subfield code = 'a'>Collection is open for research use.</subfield>
          </datafield>
            <datafield ind1=' ' ind2=' ' tag='520'>
            <subfield code = 'a'>Ma'agalot = Ciclos for string quartet : (2001) / Daniel Akiva (17:28) -- Shirim min ha'eezavon = Songs of a legacy / Alexander (Sasha) Argov (11:20) -- Mihutz le'Aida = Out of Aida : (2004) / Wisam Gibran (7:01) -- Zikaron Meshotaf = Collective memory : (2004) / Shai Cohen (7:10) -- Ki yishama koli = When my voice is heard : (2004) (5:48) ; Haim = Life : (2004) (7:28) / Haya Samir -- Shalom lecha shalom = Welcome peace / Shlomo Cronich ; Ehud Manor ; arr. Pnina Inbar (4:23) -- Shir ha'yona = The song of the dove / Mati Caspi ; Shimrit Or ; arr. Gil Aldema (3:49) -- Nasam alaina alhawa = A gentle breeze blew over us / The Rachabany Brothers (4:21) -- Salaam = Peace / Sheva ensemble ; arr. Pnina Inbar (2:29) -- Imagine / John Lennon ; arr. Pnina Inbar (4:20)</subfield>
            </datafield>
            
            
            
            
            
            <datafield ind1='1' ind2=' ' tag='700'>
              <subfield code = 'a'>Akiva, Daniel, 1953-</subfield>
              
              <subfield code='4'>cmp</subfield>
              
              <subfield code = '0'>no2002002037</subfield>
            </datafield> <datafield ind1='1' ind2=' ' tag='700'>
              <subfield code = 'a'>Argov, A. (Alexander), 1914-1995.</subfield>
              
              <subfield code='4'>cmp</subfield>
              
              
            </datafield> <datafield ind1='1' ind2=' ' tag='700'>
              <subfield code = 'a'>Gibran, Wisam M., 1970-</subfield>
              
              <subfield code='4'>cmp</subfield>
              
              <subfield code = '0'>2020087643</subfield>
            </datafield> <datafield ind1='1' ind2=' ' tag='700'>
              <subfield code = 'a'>Samir, Ḥayah.</subfield>
              
              <subfield code='4'>cmp</subfield>
              
              <subfield code = '0'>00091030</subfield>
            </datafield> <datafield ind1='1' ind2=' ' tag='700'>
              <subfield code = 'a'>Manor, Ehud.</subfield>
              
              <subfield code='4'>cmp</subfield>
              
              <subfield code = '0'>89116633</subfield>
            </datafield> <datafield ind1='1' ind2=' ' tag='700'>
              <subfield code = 'a'>Lennon, John.</subfield>
              
              <subfield code='4'>cmp</subfield>
              <subfield code = '2'>ingest</subfield>
              
            </datafield>
            <datafield ind1='4' ind2='2' tag='856'>
            <subfield code='z'>Search and Request</subfield>
            <subfield code = 'u'>https://findingaids.princeton.edu/catalog/aspace_1a4b96caac19926abdc94000f67dc447</subfield>
            <subfield code='y'>Princeton University Library Finding Aids</subfield>
            </datafield>
            <datafield ind1=' ' ind2=' ' tag='982'><subfield code='c'></subfield></datafield>
          </record>