
<record>
            <leader>00000nimaa22000002u 4500</leader>
            <controlfield tag='001'>aspace_b42c7da9a76215da5d1585f08d85bd62</controlfield>
            <controlfield tag='003'>PULFA</controlfield>
            <controlfield tag="008">000000e19921992xx      |           eng d</controlfield>
            <datafield ind1=' ' ind2=' ' tag='035'>
          <subfield code='a'>(PULFA)aspace_b42c7da9a76215da5d1585f08d85bd62</subfield>
          </datafield>
            <datafield ind1=" " ind2=" " tag="040">
        <subfield code="a">NjP</subfield>
        <subfield code="b">eng</subfield>
        <subfield code="e">dacs</subfield>
        <subfield code="c">NjP</subfield>
        </datafield>
            <datafield ind1=' ' ind2=' ' tag='041'>
            <subfield code='c'>eng</subfield>
          </datafield>
            <datafield ind1=' ' ind2=' ' tag='046'>
                <subfield code='a'>i</subfield>
                <subfield code='c'>1992</subfield>
                <subfield code='e'>1992</subfield>
              </datafield>
            <datafield ind1=' ' ind2=' ' tag='099'>
          <subfield code = 'a'>aspace_b42c7da9a76215da5d1585f08d85bd62</subfield>
          </datafield>
            <datafield ind1='1' ind2='0' tag='100'>
                  <subfield code = 'a'>Tanner, Jerré E.</subfield>
                  
                  <subfield code='4'>cmp</subfield>
                  
                  <subfield code = '0'>n 81023041</subfield>
                </datafield>
            <datafield ind1=' ' ind2=' ' tag='245'>
          <subfield code = 'a'>Oratorio 1492-1992 / Tsippi Fleischer. Fragrant harbor (Hong Kong) / Jerré Tanner. Four somber songs / Nancy Van de Vate. Concerto for orchestra / Sherwood Shaffer</subfield>
          <subfield code = 'f'>1992</subfield>
          </datafield>
            
            <datafield ind1=' ' ind2=' ' tag='506'>
          <subfield code = 'a'>Collection is open for research use.</subfield>
          </datafield>
            <datafield ind1=' ' ind2=' ' tag='520'>
            <subfield code = 'a'>Oratorio 1492-1992, Op. 25 / Tsippi Fleischer (Stanley Sperber, conductor ; Haifa Symphony Orchestra ; Israel Mandolin Ensemble ; Rinat National Choir) -- Fragrant Harbor / Jerre Tanner (Dominic Natoli, tenor ; Szymon Kawalla, conductor ; Slovak Radio Symphony Orchestra) -- 4 Somber Songs / Nancy Van de Vate ; Georg Trakl (Sulie Girardi, mezzo-soprano ; Szymon Kawalla, conductor ; Slovak Radio Symphony Orchestra) -- Concerto for Orchestra / Sherwood Shaffer (Peter Perret, conductor ; Winston-Salem Symphony Orchestra)</subfield>
            </datafield>
            
            
            
            
            
            <datafield ind1='1' ind2=' ' tag='700'>
              <subfield code = 'a'>Tanner, Jerré E.</subfield>
              
              <subfield code='4'>cmp</subfield>
              
              <subfield code = '0'>n 81023041</subfield>
            </datafield> <datafield ind1='1' ind2=' ' tag='700'>
              <subfield code = 'a'>Van de Vate, Nancy.</subfield>
              
              <subfield code='4'>cmp</subfield>
              
              <subfield code = '0'>n 81016955</subfield>
            </datafield> <datafield ind1='1' ind2=' ' tag='700'>
              <subfield code = 'a'>Shaffer, Sherwood, 1934-</subfield>
              
              <subfield code='4'>cmp</subfield>
              
              <subfield code = '0'>no 95014669</subfield>
            </datafield> <datafield ind1='1' ind2=' ' tag='700'>
              <subfield code = 'a'>Natoli, Dominic.</subfield>
              
              <subfield code='4'>prf</subfield>
              
              <subfield code = '0'>no 97029734</subfield>
            </datafield> <datafield ind1='1' ind2=' ' tag='700'>
              <subfield code = 'a'>Girardi, Sulie.</subfield>
              
              <subfield code='4'>prf</subfield>
              
              <subfield code = '0'>nr 94022205</subfield>
            </datafield> <datafield ind1='1' ind2=' ' tag='700'>
              <subfield code = 'a'>Sperber, Stanley.</subfield>
              
              <subfield code='4'>cnd</subfield>
              <subfield code = '2'>naf</subfield>
              <subfield code = '0'>no 96043212</subfield>
            </datafield> <datafield ind1='1' ind2=' ' tag='700'>
              <subfield code = 'a'>Kawalla, Szymon, 1949-</subfield>
              
              <subfield code='4'>cnd</subfield>
              
              <subfield code = '0'>n 88666891</subfield>
            </datafield> <datafield ind1='1' ind2=' ' tag='700'>
              <subfield code = 'a'>Perret, Peter, 1941-</subfield>
              
              <subfield code='4'>cnd</subfield>
              
              <subfield code = '0'>no 95029431</subfield>
            </datafield> <datafield ind1='2' ind2=' ' tag='710'>
              <subfield code = 'a'>Tizmoret simfonit ʻironit Ḥefah.</subfield>
              
              <subfield code='4'>prf</subfield>
              <subfield code = '2'>naf</subfield>
              <subfield code = '0'>no 97052551</subfield>
            </datafield> <datafield ind1='2' ind2=' ' tag='710'>
              <subfield code = 'a'>Israel Mandolin Ensemble.</subfield>
              
              <subfield code='4'>prf</subfield>
              
              <subfield code = '0'>nr 98001893</subfield>
            </datafield> <datafield ind1='2' ind2=' ' tag='710'>
              <subfield code = 'a'>Music Education Centre in Hadera. Guitar Ensemble.</subfield>
              
              <subfield code='4'>prf</subfield>
              
              <subfield code = '0'>n 2013032048</subfield>
            </datafield> <datafield ind1='2' ind2=' ' tag='710'>
              <subfield code = 'a'>Symfonický orchester Čs. rozhlasu v Bratislave.</subfield>
              
              <subfield code='4'>prf</subfield>
              
              <subfield code = '0'>n 87812464</subfield>
            </datafield> <datafield ind1='2' ind2=' ' tag='710'>
              <subfield code = 'a'>Winston-Salem Piedmont Triad Symphony.</subfield>
              
              <subfield code='4'>prf</subfield>
              
              <subfield code = '0'>no 95029435</subfield>
            </datafield> <datafield ind1='1' ind2='0' tag='600'>
              <subfield code = 'a'>Fleischer, Tsippi, 1946-</subfield>
              
              <subfield code='4'>cmp</subfield>
              
              <subfield code = '0'>n 92110571</subfield>
            </datafield>
            <datafield ind1='4' ind2='2' tag='856'>
            <subfield code='z'>Search and Request</subfield>
            <subfield code = 'u'>https://findingaids.princeton.edu/catalog/aspace_b42c7da9a76215da5d1585f08d85bd62</subfield>
            <subfield code='y'>Princeton University Library Finding Aids</subfield>
            </datafield>
            <datafield ind1=' ' ind2=' ' tag='982'><subfield code='c'></subfield></datafield>
          </record>