
<record>
            <leader>00000nimaa22000002u 4500</leader>
            <controlfield tag='001'>aspace_63e2d4f7eb16a895cfce62babe8fe4d3</controlfield>
            <controlfield tag='003'>PULFA</controlfield>
            <controlfield tag="008">000000e19981998xx      |           heb d</controlfield>
            <datafield ind1=' ' ind2=' ' tag='035'>
          <subfield code='a'>(PULFA)aspace_63e2d4f7eb16a895cfce62babe8fe4d3</subfield>
          </datafield>
            <datafield ind1=" " ind2=" " tag="040">
        <subfield code="a">NjP</subfield>
        <subfield code="b">eng</subfield>
        <subfield code="e">dacs</subfield>
        <subfield code="c">NjP</subfield>
        </datafield>
            <datafield ind1=' ' ind2=' ' tag='041'>
            <subfield code='c'>heb</subfield>
          </datafield>
            <datafield ind1=' ' ind2=' ' tag='046'>
                <subfield code='a'>i</subfield>
                <subfield code='c'>1998</subfield>
                <subfield code='e'>1998</subfield>
              </datafield>
            <datafield ind1=' ' ind2=' ' tag='099'>
          <subfield code = 'a'>aspace_63e2d4f7eb16a895cfce62babe8fe4d3</subfield>
          </datafield>
            <datafield ind1='1' ind2='0' tag='100'>
                  <subfield code = 'a'>Rufeisen, Arie, 1926-2014.</subfield>
                  
                  <subfield code='4'>cmp</subfield>
                  
                  <subfield code = '0'>n 94003719</subfield>
                </datafield>
            <datafield ind1=' ' ind2=' ' tag='245'>
          <subfield code = 'a'>שקיעה כפרית : מבחר יצירות של אריה רופאיזן = Pastoral sunset : compositions of Arie Rufeisen</subfield>
          <subfield code = 'f'>1998</subfield>
          </datafield>
            
            <datafield ind1=' ' ind2=' ' tag='506'>
          <subfield code = 'a'>Collection is open for research use.</subfield>
          </datafield>
            <datafield ind1=' ' ind2=' ' tag='520'>
            <subfield code = 'a'>Sabbath (2:45) ; Clouds (3:01) ; Rose in garden (1:18) ; Variations on Israeli song (2:34) ; Variations on the English Hymn (5:42) ; 15 bagatelles (13:09) ; 4 canons on one theme (2:10) ; Pastoral sunset (6:00) ; 10 inventions in 2 voices (6:03) ; King David's memories (7:52) ; Romance (3:15) ; Compound (8:23) ; Brass quintet (4:21) ; Fuga for woodwind quintet (3:01) / Arie Rufeisen</subfield>
            </datafield>
            
            
            
            
            
            <datafield ind1='1' ind2=' ' tag='700'>
              <subfield code = 'a'>Rufeisen, Arie, 1926-2014.</subfield>
              
              <subfield code='4'>cmp</subfield>
              
              <subfield code = '0'>n 94003719</subfield>
            </datafield> <datafield ind1='1' ind2=' ' tag='700'>
              <subfield code = 'a'>Yaron, Gilah.</subfield>
              
              <subfield code='4'>sng</subfield>
              
              <subfield code = '0'>n 2008055806</subfield>
            </datafield> <datafield ind1='1' ind2=' ' tag='700'>
              <subfield code = 'a'>Rufʼizen, Ester, 1925-</subfield>
              
              <subfield code='4'>aut</subfield>
              
              <subfield code = '0'>no2011109294</subfield>
            </datafield> <datafield ind1='1' ind2=' ' tag='700'>
              <subfield code = 'a'>Dror, Miriam.</subfield>
              
              <subfield code='4'>aut</subfield>
              
              <subfield code = '0'>nr 90029326</subfield>
            </datafield> <datafield ind1='1' ind2=' ' tag='700'>
              <subfield code = 'a'>Boušková, Jana.</subfield>
              
              <subfield code='4'>itr</subfield>
              
              <subfield code = '0'>nr 96022275</subfield>
            </datafield> <datafield ind1='1' ind2=' ' tag='700'>
              <subfield code = 'a'>Gilad, Yehuda.</subfield>
              
              <subfield code='4'>itr</subfield>
              
              <subfield code = '0'>n 2004069299</subfield>
            </datafield> <datafield ind1='1' ind2=' ' tag='700'>
              <subfield code = 'a'>Pokorny, Gene.</subfield>
              
              <subfield code='4'>itr</subfield>
              
              <subfield code = '0'>n 94058249</subfield>
            </datafield> <datafield ind1='2' ind2=' ' tag='710'>
              <subfield code = 'a'>Ḥamishiyat ha-mateket ha-filharmonit.</subfield>
              
              <subfield code='4'>prf</subfield>
              
              <subfield code = '0'>n 94065763</subfield>
            </datafield> <datafield ind1='2' ind2=' ' tag='710'>
              <subfield code = 'a'>Tizmoret ha-ḳamerit ha-ḳibutsit.</subfield>
              
              <subfield code='4'>prf</subfield>
              
              <subfield code = '0'>nr 97032429</subfield>
            </datafield>
            <datafield ind1='4' ind2='2' tag='856'>
            <subfield code='z'>Search and Request</subfield>
            <subfield code = 'u'>https://findingaids.princeton.edu/catalog/aspace_63e2d4f7eb16a895cfce62babe8fe4d3</subfield>
            <subfield code='y'>Princeton University Library Finding Aids</subfield>
            </datafield>
            <datafield ind1=' ' ind2=' ' tag='982'><subfield code='c'></subfield></datafield>
          </record>