
<record>
            <leader>00000nimaa22000002u 4500</leader>
            <controlfield tag='001'>aspace_ec51d62298c71a331a3d03efa80e8f5e</controlfield>
            <controlfield tag='003'>PULFA</controlfield>
            <controlfield tag="008">000000e20002000xx      |           eng d</controlfield>
            <datafield ind1=' ' ind2=' ' tag='035'>
          <subfield code='a'>(PULFA)aspace_ec51d62298c71a331a3d03efa80e8f5e</subfield>
          </datafield>
            <datafield ind1=" " ind2=" " tag="040">
        <subfield code="a">NjP</subfield>
        <subfield code="b">eng</subfield>
        <subfield code="e">dacs</subfield>
        <subfield code="c">NjP</subfield>
        </datafield>
            <datafield ind1=' ' ind2=' ' tag='041'>
            <subfield code='c'>eng</subfield>
          </datafield>
            <datafield ind1=' ' ind2=' ' tag='046'>
                <subfield code='a'>i</subfield>
                <subfield code='c'>2000</subfield>
                <subfield code='e'>2000</subfield>
              </datafield>
            <datafield ind1=' ' ind2=' ' tag='099'>
          <subfield code = 'a'>aspace_ec51d62298c71a331a3d03efa80e8f5e</subfield>
          </datafield>
            <datafield ind1='1' ind2='0' tag='100'>
                  <subfield code = 'a'>Sheriff, Noam, 1935-2018.</subfield>
                  
                  <subfield code='4'>cmp</subfield>
                  
                  <subfield code = '0'>n 83056875</subfield>
                </datafield>
            <datafield ind1=' ' ind2=' ' tag='245'>
          <subfield code = 'a'>Private (re-) collections</subfield>
          <subfield code = 'f'>2000</subfield>
          </datafield>
            
            <datafield ind1=' ' ind2=' ' tag='506'>
          <subfield code = 'a'>Collection is open for research use.</subfield>
          </datafield>
            <datafield ind1=' ' ind2=' ' tag='520'>
            <subfield code = 'a'>Tre'y-Assar (Dodecalogue for 12 violoncellos) -- Music for woodwinds, trombone, piano and double bass -- Metamorphosies on a Galliard -- String Quartet no. 1 / Noam Sheriff</subfield>
            </datafield>
            
            
            
            
            
            <datafield ind1='1' ind2=' ' tag='700'>
              <subfield code = 'a'>Sheriff, Noam, 1935-2018.</subfield>
              
              <subfield code='4'>cmp</subfield>
              
              <subfield code = '0'>n 83056875</subfield>
            </datafield> <datafield ind1='1' ind2=' ' tag='700'>
              <subfield code = 'a'>Parness, Ray.</subfield>
              
              <subfield code='4'>itr</subfield>
              
              <subfield code = '0'>n 2011072835</subfield>
            </datafield> <datafield ind1='1' ind2=' ' tag='700'>
              <subfield code = 'a'>Bertini, Gary, 1927-2005.</subfield>
              
              <subfield code='4'>cnd</subfield>
              
              <subfield code = '0'>n 82234811</subfield>
            </datafield> <datafield ind1='2' ind2=' ' tag='710'>
              <subfield code = 'a'>Berliner Philharmoniker. Zwölf Cellisten.</subfield>
              
              <subfield code='4'>itr</subfield>
              
              <subfield code = '0'>n 86099823</subfield>
            </datafield> <datafield ind1='2' ind2=' ' tag='710'>
              <subfield code = 'a'>Concord String Quartet.</subfield>
              
              <subfield code='4'>itr</subfield>
              
              <subfield code = '0'>n 81128336</subfield>
            </datafield> <datafield ind1='2' ind2=' ' tag='710'>
              <subfield code = 'a'>Israel Symphony Orchestra Rishon-Lezion.</subfield>
              
              <subfield code='4'>itr</subfield>
              
              <subfield code = '0'>nr 94026570</subfield>
            </datafield> <datafield ind1='2' ind2=' ' tag='710'>
              <subfield code = 'a'>Tizmoret ha-filharmonit ha-Yiśreʼelit.</subfield>
              
              <subfield code='4'>itr</subfield>
              <subfield code = '2'>naf</subfield>
              <subfield code = '0'>n 81019530</subfield>
            </datafield>
            <datafield ind1='4' ind2='2' tag='856'>
            <subfield code='z'>Search and Request</subfield>
            <subfield code = 'u'>https://findingaids.princeton.edu/catalog/aspace_ec51d62298c71a331a3d03efa80e8f5e</subfield>
            <subfield code='y'>Princeton University Library Finding Aids</subfield>
            </datafield>
            <datafield ind1=' ' ind2=' ' tag='982'><subfield code='c'></subfield></datafield>
          </record>