
<record>
            <leader>00000nimaa22000002u 4500</leader>
            <controlfield tag='001'>aspace_d513f0f502524642bddd756bdcd7f05d</controlfield>
            <controlfield tag='003'>PULFA</controlfield>
            <controlfield tag="008">000000e20002000xx      |           heb d</controlfield>
            <datafield ind1=' ' ind2=' ' tag='035'>
          <subfield code='a'>(PULFA)aspace_d513f0f502524642bddd756bdcd7f05d</subfield>
          </datafield>
            <datafield ind1=" " ind2=" " tag="040">
        <subfield code="a">NjP</subfield>
        <subfield code="b">eng</subfield>
        <subfield code="e">dacs</subfield>
        <subfield code="c">NjP</subfield>
        </datafield>
            <datafield ind1=' ' ind2=' ' tag='041'>
            <subfield code='c'>heb</subfield>
          </datafield>
            <datafield ind1=' ' ind2=' ' tag='046'>
                <subfield code='a'>i</subfield>
                <subfield code='c'>2000</subfield>
                <subfield code='e'>2000</subfield>
              </datafield>
            <datafield ind1=' ' ind2=' ' tag='099'>
          <subfield code = 'a'>aspace_d513f0f502524642bddd756bdcd7f05d</subfield>
          </datafield>
            <datafield ind1='1' ind2='0' tag='100'>
                  <subfield code = 'a'>Sheriff, Noam, 1935-2018.</subfield>
                  
                  <subfield code='4'>cmp</subfield>
                  
                  <subfield code = '0'>n 83056875</subfield>
                </datafield>
            <datafield ind1=' ' ind2=' ' tag='245'>
          <subfield code = 'a'>תהלים של ירושלים = Psalms of Jerusalem</subfield>
          <subfield code = 'f'>2000</subfield>
          </datafield>
            
            <datafield ind1=' ' ind2=' ' tag='506'>
          <subfield code = 'a'>Collection is open for research use.</subfield>
          </datafield>
            <datafield ind1=' ' ind2=' ' tag='520'>
            <subfield code = 'a'>Ash'rei = Beatus vir (7:21) -- Etnachta I = Intermezzo I (2:38) -- Kir'yah = Kyrie (8:12) -- Hallel = Laudate (4:05) -- Etnachta II = Intermezzo II (1:31) -- Ani ma'a'min = Credo (6:30) -- Al na'ha'rot ba'vel = Super flumina Babylonis (4:32) -- Barchi = Benedic anima (6:05) -- Etnachta III = Intermezzo III (2:10) -- Haleluya = Alleluia (6:58)</subfield>
            </datafield>
            
            
            
            
            
            <datafield ind1='1' ind2=' ' tag='700'>
              <subfield code = 'a'>Sheriff, Noam, 1935-2018.</subfield>
              
              <subfield code='4'>cmp</subfield>
              
              <subfield code = '0'>n 83056875</subfield>
            </datafield> <datafield ind1='1' ind2=' ' tag='700'>
              <subfield code = 'a'>Zdunikowski, Adam, 1966-</subfield>
              
              <subfield code='4'>sng</subfield>
              
              <subfield code = '0'>no2001016212</subfield>
            </datafield> <datafield ind1='1' ind2=' ' tag='700'>
              <subfield code = 'a'>Misiūra, Ignas.</subfield>
              
              <subfield code='4'>sng</subfield>
              
              <subfield code = '0'>n 2003085816</subfield>
            </datafield> <datafield ind1='1' ind2=' ' tag='700'>
              <subfield code = 'a'>Augustinas, Vaclovas.</subfield>
              
              <subfield code='4'>cnd</subfield>
              
              <subfield code = '0'>n 2006005444</subfield>
            </datafield> <datafield ind1='1' ind2=' ' tag='700'>
              <subfield code = 'a'>Kalcas, Jurijus, 1956-</subfield>
              
              <subfield code='4'>cnd</subfield>
              <subfield code = '2'>viaf</subfield>
              <subfield code = '0'>120100199</subfield>
            </datafield> <datafield ind1='1' ind2=' ' tag='700'>
              <subfield code = 'a'>Ramanauskas, Gediminas, 1961-</subfield>
              
              <subfield code='4'>cnd</subfield>
              <subfield code = '2'>viaf</subfield>
              <subfield code = '0'>7978154260360824480008</subfield>
            </datafield> <datafield ind1='2' ind2=' ' tag='710'>
              <subfield code = 'a'>Lietuvos valstybinis simfoninis orkestras.</subfield>
              
              <subfield code='4'>prf</subfield>
              
              <subfield code = '0'>no2003065589</subfield>
            </datafield> <datafield ind1='2' ind2=' ' tag='710'>
              <subfield code = 'a'>Jauna Muzika.</subfield>
              
              <subfield code='4'>prf</subfield>
              
              <subfield code = '0'>no2002027310</subfield>
            </datafield> <datafield ind1='2' ind2=' ' tag='710'>
              <subfield code = 'a'>Vilnius Mixed Choir.</subfield>
              
              <subfield code='4'>prf</subfield>
              
              <subfield code = '0'>n 2003085815</subfield>
            </datafield> <datafield ind1='2' ind2=' ' tag='710'>
              <subfield code = 'a'>Šiaulių Universitetas. Choir "Studium".</subfield>
              
              <subfield code='4'>prf</subfield>
              
              <subfield code = '0'>n 2003085817</subfield>
            </datafield>
            <datafield ind1='4' ind2='2' tag='856'>
            <subfield code='z'>Search and Request</subfield>
            <subfield code = 'u'>https://findingaids.princeton.edu/catalog/aspace_d513f0f502524642bddd756bdcd7f05d</subfield>
            <subfield code='y'>Princeton University Library Finding Aids</subfield>
            </datafield>
            <datafield ind1=' ' ind2=' ' tag='982'><subfield code='c'></subfield></datafield>
          </record>