
<record>
            <leader>00000nimaa22000002u 4500</leader>
            <controlfield tag='001'>aspace_d071731f13de1f0fd6316254151c9cf8</controlfield>
            <controlfield tag='003'>PULFA</controlfield>
            <controlfield tag="008">000000e20032003xx      |           heb d</controlfield>
            <datafield ind1=' ' ind2=' ' tag='035'>
          <subfield code='a'>(PULFA)aspace_d071731f13de1f0fd6316254151c9cf8</subfield>
          </datafield>
            <datafield ind1=" " ind2=" " tag="040">
        <subfield code="a">NjP</subfield>
        <subfield code="b">eng</subfield>
        <subfield code="e">dacs</subfield>
        <subfield code="c">NjP</subfield>
        </datafield>
            <datafield ind1=' ' ind2=' ' tag='041'>
            <subfield code='c'>heb</subfield>
          </datafield>
            <datafield ind1=' ' ind2=' ' tag='046'>
                <subfield code='a'>i</subfield>
                <subfield code='c'>2003</subfield>
                <subfield code='e'>2003</subfield>
              </datafield>
            <datafield ind1=' ' ind2=' ' tag='099'>
          <subfield code = 'a'>aspace_d071731f13de1f0fd6316254151c9cf8</subfield>
          </datafield>
            <datafield ind1='1' ind2='7' tag='100'>
                  <subfield code = 'a'>Sternfield, Allan, 1949-</subfield>
                  
                  <subfield code='4'>prf</subfield>
                  <subfield code = '2'>naf</subfield>
                  <subfield code = '0'>n 82144792</subfield>
                </datafield>
            <datafield ind1=' ' ind2=' ' tag='245'>
          <subfield code = 'a'>Psanterin. Vol. 2 : anthology of Israeli music for piano</subfield>
          <subfield code = 'f'>2003</subfield>
          </datafield>
            
            <datafield ind1=' ' ind2=' ' tag='506'>
          <subfield code = 'a'>Collection is open for research use.</subfield>
          </datafield>
            <datafield ind1=' ' ind2=' ' tag='520'>
            <subfield code = 'a'>Variations (1947) / Haim Alexander (9:31) -- Five sketches : (1947) / Verdina Shlonsky (15:00) -- Three pieces (1941). Prelude ; Invocation ; Burlesca / Yehoyachin (Joachim) Stutchewsky (7:00) -- Five country dances (1952). Procession ; Mountain folk ; The amorous shepherd ; The shepherdes[s] ; Polka / Marc Lavri (7:00) -- Capriccio (1960) / Ram Da-Oz (6:53) -- Capriccio (1952) / Erich Walter Sternberg (3:28) -- Capriccio (1955, 1975) / Tzvi Avni (4:10) -- Sonata (1954). Preamble ; Fugue ; Variations / Paul Ben-Haim (16:00)</subfield>
            </datafield>
            
            
            
            
            
            <datafield ind1='1' ind2=' ' tag='700'>
              <subfield code = 'a'>Sternfield, Allan, 1949-</subfield>
              
              <subfield code='4'>prf</subfield>
              <subfield code = '2'>naf</subfield>
              <subfield code = '0'>n 82144792</subfield>
            </datafield>
            <datafield ind1='4' ind2='2' tag='856'>
            <subfield code='z'>Search and Request</subfield>
            <subfield code = 'u'>https://findingaids.princeton.edu/catalog/aspace_d071731f13de1f0fd6316254151c9cf8</subfield>
            <subfield code='y'>Princeton University Library Finding Aids</subfield>
            </datafield>
            <datafield ind1=' ' ind2=' ' tag='982'><subfield code='c'></subfield></datafield>
          </record>