
<record>
            <leader>00000nimaa22000002u 4500</leader>
            <controlfield tag='001'>aspace_e9776607d1966c5b3cfe720abead885d</controlfield>
            <controlfield tag='003'>PULFA</controlfield>
            <controlfield tag="008">000000e19991999xx      |           heb d</controlfield>
            <datafield ind1=' ' ind2=' ' tag='035'>
          <subfield code='a'>(PULFA)aspace_e9776607d1966c5b3cfe720abead885d</subfield>
          </datafield>
            <datafield ind1=" " ind2=" " tag="040">
        <subfield code="a">NjP</subfield>
        <subfield code="b">eng</subfield>
        <subfield code="e">dacs</subfield>
        <subfield code="c">NjP</subfield>
        </datafield>
            <datafield ind1=' ' ind2=' ' tag='041'>
            <subfield code='c'>heb</subfield>
          </datafield>
            <datafield ind1=' ' ind2=' ' tag='046'>
                <subfield code='a'>i</subfield>
                <subfield code='c'>1999</subfield>
                <subfield code='e'>1999</subfield>
              </datafield>
            <datafield ind1=' ' ind2=' ' tag='099'>
          <subfield code = 'a'>aspace_e9776607d1966c5b3cfe720abead885d</subfield>
          </datafield>
            <datafield ind1='1' ind2='0' tag='100'>
                  <subfield code = 'a'>Galʻin, Raḥel.</subfield>
                  
                  <subfield code='4'>cmp</subfield>
                  
                  <subfield code = '0'>nr2003006417</subfield>
                </datafield>
            <datafield ind1=' ' ind2=' ' tag='245'>
          <subfield code = 'a'>Rachel Galinne</subfield>
          <subfield code = 'f'>1999</subfield>
          </datafield>
            
            <datafield ind1=' ' ind2=' ' tag='506'>
          <subfield code = 'a'>Collection is open for research use.</subfield>
          </datafield>
            <datafield ind1=' ' ind2=' ' tag='520'>
            <subfield code = 'a'>Uneginotai nenagen = And we shall sing my songs of praise : text from Isaiah 38:10-20 (14:02) -- Cycles = Maʹagalim (15:27) -- Trio (12:00) -- Schwarze Gesänge (12:00) -- Aphrodite (6:48) -- Islossning : Breaking the bonds of ice (8:27)</subfield>
            </datafield>
            
            
            
            
            
            <datafield ind1='1' ind2=' ' tag='700'>
              <subfield code = 'a'>Galʻin, Raḥel.</subfield>
              
              <subfield code='4'>cmp</subfield>
              
              <subfield code = '0'>nr2003006417</subfield>
            </datafield> <datafield ind1='1' ind2=' ' tag='700'>
              <subfield code = 'a'>Lasker-Schüler, Else, 1869-1945.</subfield>
              
              <subfield code='4'>lyr</subfield>
              
              <subfield code = '0'>n 80034059</subfield>
            </datafield> <datafield ind1='1' ind2=' ' tag='700'>
              <subfield code = 'a'>Bertini, Gary, 1927-2005.</subfield>
              
              <subfield code='4'>cnd</subfield>
              
              <subfield code = '0'>n 82234811</subfield>
            </datafield> <datafield ind1='1' ind2=' ' tag='700'>
              <subfield code = 'a'>Fridberg, Pär.</subfield>
              
              <subfield code='4'>cnd</subfield>
              
              <subfield code = '0'>n 2012009563</subfield>
            </datafield> <datafield ind1='1' ind2=' ' tag='700'>
              <subfield code = 'a'>Arnheim, Avigail.</subfield>
              
              <subfield code='4'>prf</subfield>
              
              <subfield code = '0'>n 2012009583</subfield>
            </datafield> <datafield ind1='1' ind2=' ' tag='700'>
              <subfield code = 'a'>Boasson, Amos.</subfield>
              
              <subfield code='4'>prf</subfield>
              
              <subfield code = '0'>n 2012009586</subfield>
            </datafield> <datafield ind1='1' ind2=' ' tag='700'>
              <subfield code = 'a'>Sternfield, Allan, 1949-</subfield>
              
              <subfield code='4'>prf</subfield>
              <subfield code = '2'>naf</subfield>
              <subfield code = '0'>n 82144792</subfield>
            </datafield> <datafield ind1='1' ind2=' ' tag='700'>
              <subfield code = 'a'>Zakai, Mira.</subfield>
              
              <subfield code='4'>prf</subfield>
              
              <subfield code = '0'>n 82027318</subfield>
            </datafield> <datafield ind1='1' ind2=' ' tag='700'>
              <subfield code = 'a'>Zak, Jonathan.</subfield>
              
              <subfield code='4'>prf</subfield>
              
              <subfield code = '0'>no 97067724</subfield>
            </datafield> <datafield ind1='1' ind2=' ' tag='700'>
              <subfield code = 'a'>Eisler-Kashy, Wendy.</subfield>
              
              <subfield code='4'>prf</subfield>
              
              <subfield code = '0'>n 2012009568</subfield>
            </datafield> <datafield ind1='1' ind2=' ' tag='700'>
              <subfield code = 'a'>Fuxon, Sarah.</subfield>
              
              <subfield code='4'>prf</subfield>
              
              <subfield code = '0'>n 96005534</subfield>
            </datafield> <datafield ind1='1' ind2=' ' tag='700'>
              <subfield code = 'a'>Berman, Bart.</subfield>
              
              <subfield code='4'>prf</subfield>
              
              <subfield code = '0'>n 96005560</subfield>
            </datafield> <datafield ind1='1' ind2=' ' tag='700'>
              <subfield code = 'a'>Cipriani, Gene.</subfield>
              
              <subfield code='4'>prf</subfield>
              
              <subfield code = '0'>n 2012009590</subfield>
            </datafield> <datafield ind1='1' ind2=' ' tag='700'>
              <subfield code = 'a'>Dobrecki, Gilad.</subfield>
              
              <subfield code='4'>prf</subfield>
              
              <subfield code = '0'>n 2012009594</subfield>
            </datafield> <datafield ind1='2' ind2=' ' tag='710'>
              <subfield code = 'a'>Sveriges radioskören.</subfield>
              
              <subfield code='4'>prf</subfield>
              
              <subfield code = '0'>n 81129528</subfield>
            </datafield> <datafield ind1='2' ind2=' ' tag='710'>
              <subfield code = 'a'>Sveriges radios symfoniorkester.</subfield>
              
              <subfield code='4'>prf</subfield>
              
              <subfield code = '0'>n 83178804</subfield>
            </datafield>
            <datafield ind1='4' ind2='2' tag='856'>
            <subfield code='z'>Search and Request</subfield>
            <subfield code = 'u'>https://findingaids.princeton.edu/catalog/aspace_e9776607d1966c5b3cfe720abead885d</subfield>
            <subfield code='y'>Princeton University Library Finding Aids</subfield>
            </datafield>
            <datafield ind1=' ' ind2=' ' tag='982'><subfield code='c'></subfield></datafield>
          </record>