
<record>
            <leader>00000nimaa22000002u 4500</leader>
            <controlfield tag='001'>aspace_1ab1ad8140d1c7096f9dba4866c1ca68</controlfield>
            <controlfield tag='003'>PULFA</controlfield>
            <controlfield tag="008">000000e20022002xx      |           eng d</controlfield>
            <datafield ind1=' ' ind2=' ' tag='035'>
          <subfield code='a'>(PULFA)aspace_1ab1ad8140d1c7096f9dba4866c1ca68</subfield>
          </datafield>
            <datafield ind1=" " ind2=" " tag="040">
        <subfield code="a">NjP</subfield>
        <subfield code="b">eng</subfield>
        <subfield code="e">dacs</subfield>
        <subfield code="c">NjP</subfield>
        </datafield>
            <datafield ind1=' ' ind2=' ' tag='041'>
            <subfield code='c'>eng</subfield>
          </datafield>
            <datafield ind1=' ' ind2=' ' tag='046'>
                <subfield code='a'>i</subfield>
                <subfield code='c'>2002</subfield>
                <subfield code='e'>2002</subfield>
              </datafield>
            <datafield ind1=' ' ind2=' ' tag='099'>
          <subfield code = 'a'>aspace_1ab1ad8140d1c7096f9dba4866c1ca68</subfield>
          </datafield>
            <datafield ind1='1' ind2='0' tag='100'>
                  <subfield code = 'a'>Steinberg, Etian.</subfield>
                  
                  <subfield code='4'>cmp</subfield>
                  
                  <subfield code = '0'>00013852</subfield>
                </datafield>
            <datafield ind1=' ' ind2=' ' tag='245'>
          <subfield code = 'a'>רעוא דרעוין = Ra'va dera'vin</subfield>
          <subfield code = 'f'>2002</subfield>
          </datafield>
            
            <datafield ind1=' ' ind2=' ' tag='506'>
          <subfield code = 'a'>Collection is open for research use.</subfield>
          </datafield>
            <datafield ind1=' ' ind2=' ' tag='520'>
            <subfield code = 'a'>Rava deravin : for female voice and chamber ensemble (13:53) -- Waltz for chamber ensemble (2:54) -- Two grandfathers sing : for flute and string quartet (9:23) -- Talk talk talk : for violin, viola and cello (3:57) -- In a hidden cleft among cliffs a gazelle drinks water : for voice and viola (11:08) -- Fragile : for chamber ensemble (8:55)</subfield>
            </datafield>
            
            
            
            
            
            <datafield ind1='1' ind2=' ' tag='700'>
              <subfield code = 'a'>Steinberg, Etian.</subfield>
              
              <subfield code='4'>cmp</subfield>
              
              <subfield code = '0'>00013852</subfield>
            </datafield> <datafield ind1='1' ind2=' ' tag='700'>
              <subfield code = 'a'>Ben-Zaken, Etty, 1963-</subfield>
              
              <subfield code='4'>sng</subfield>
              
              <subfield code = '0'>99004094</subfield>
            </datafield> <datafield ind1='1' ind2=' ' tag='700'>
              <subfield code = 'a'>Pittman, Richard Harding, 1935-</subfield>
              
              <subfield code='4'>cnd</subfield>
              
              <subfield code = '0'>n 82234787</subfield>
            </datafield> <datafield ind1='2' ind2=' ' tag='710'>
              <subfield code = 'a'>Boston Musica Viva.</subfield>
              
              <subfield code='4'>prf</subfield>
              
              <subfield code = '0'>n 82245223</subfield>
            </datafield>
            <datafield ind1='4' ind2='2' tag='856'>
            <subfield code='z'>Search and Request</subfield>
            <subfield code = 'u'>https://findingaids.princeton.edu/catalog/aspace_1ab1ad8140d1c7096f9dba4866c1ca68</subfield>
            <subfield code='y'>Princeton University Library Finding Aids</subfield>
            </datafield>
            <datafield ind1=' ' ind2=' ' tag='982'><subfield code='c'></subfield></datafield>
          </record>