
<record>
            <leader>00000nimaa22000002u 4500</leader>
            <controlfield tag='001'>aspace_94c21fa663e9848d40a16bc445a2f77b</controlfield>
            <controlfield tag='003'>PULFA</controlfield>
            <controlfield tag="008">000000e20002000xx      |           eng d</controlfield>
            <datafield ind1=' ' ind2=' ' tag='035'>
          <subfield code='a'>(PULFA)aspace_94c21fa663e9848d40a16bc445a2f77b</subfield>
          </datafield>
            <datafield ind1=" " ind2=" " tag="040">
        <subfield code="a">NjP</subfield>
        <subfield code="b">eng</subfield>
        <subfield code="e">dacs</subfield>
        <subfield code="c">NjP</subfield>
        </datafield>
            <datafield ind1=' ' ind2=' ' tag='041'>
            <subfield code='c'>eng</subfield>
          </datafield>
            <datafield ind1=' ' ind2=' ' tag='046'>
                <subfield code='a'>i</subfield>
                <subfield code='c'>2000</subfield>
                <subfield code='e'>2000</subfield>
              </datafield>
            <datafield ind1=' ' ind2=' ' tag='099'>
          <subfield code = 'a'>aspace_94c21fa663e9848d40a16bc445a2f77b</subfield>
          </datafield>
            <datafield ind1='1' ind2='0' tag='100'>
                  <subfield code = 'a'>Shapira, Sergiu.</subfield>
                  
                  <subfield code='4'>cmp</subfield>
                  
                  <subfield code = '0'>no2004121556</subfield>
                </datafield>
            <datafield ind1=' ' ind2=' ' tag='245'>
          <subfield code = 'a'>Selected works / Sergiu Shapira</subfield>
          <subfield code = 'f'>2000</subfield>
          </datafield>
            
            <datafield ind1=' ' ind2=' ' tag='506'>
          <subfield code = 'a'>Collection is open for research use.</subfield>
          </datafield>
            <datafield ind1=' ' ind2=' ' tag='520'>
            <subfield code = 'a'>"Two movements" for cello and piano -- "Little suite" for piano -- "Expressions" for oboe solo -- "Memories from childhood" for piano : vol. I. The porcelain mandarin ; Grandmother's dance ; On the swing ; The old piano ; Attack on the wooden horse ; A sad song ; The little ballet dancer ; Grandfather's story ; Vacation day ; The shepherd's flute ; A boy crying ; Teddybear's dance ; Wind and rain -- "Memories from childhood" for piano : vol. II. On an excursion ; On the lake ; Birds ; Having been naughty ; The spinning top ; Start of a quarrel ; Craddle song ; The toy bazaar</subfield>
            </datafield>
            
            
            
            
            
            <datafield ind1='1' ind2=' ' tag='700'>
              <subfield code = 'a'>Shapira, Sergiu.</subfield>
              
              <subfield code='4'>cmp</subfield>
              
              <subfield code = '0'>no2004121556</subfield>
            </datafield> <datafield ind1='1' ind2=' ' tag='700'>
              <subfield code = 'a'>Shapira, Shulamith.</subfield>
              
              <subfield code='4'>itr</subfield>
              
              <subfield code = '0'>n 2011075954</subfield>
            </datafield> <datafield ind1='1' ind2=' ' tag='700'>
              <subfield code = 'a'>Shapira, Benjamin.</subfield>
              
              <subfield code='4'>itr</subfield>
              
              <subfield code = '0'>n 2011077586</subfield>
            </datafield> <datafield ind1='1' ind2=' ' tag='700'>
              <subfield code = 'a'>Melnikov, Vadim.</subfield>
              
              <subfield code='4'>itr</subfield>
              
              <subfield code = '0'>n 2011079775</subfield>
            </datafield>
            <datafield ind1='4' ind2='2' tag='856'>
            <subfield code='z'>Search and Request</subfield>
            <subfield code = 'u'>https://findingaids.princeton.edu/catalog/aspace_94c21fa663e9848d40a16bc445a2f77b</subfield>
            <subfield code='y'>Princeton University Library Finding Aids</subfield>
            </datafield>
            <datafield ind1=' ' ind2=' ' tag='982'><subfield code='c'></subfield></datafield>
          </record>