
<record>
            <leader>00000nimaa22000002u 4500</leader>
            <controlfield tag='001'>aspace_84ab10d8be9a7e2c959d3996de87af9f</controlfield>
            <controlfield tag='003'>PULFA</controlfield>
            <controlfield tag="008">000000e20062006xx      |           heb d</controlfield>
            <datafield ind1=' ' ind2=' ' tag='035'>
          <subfield code='a'>(PULFA)aspace_84ab10d8be9a7e2c959d3996de87af9f</subfield>
          </datafield>
            <datafield ind1=" " ind2=" " tag="040">
        <subfield code="a">NjP</subfield>
        <subfield code="b">eng</subfield>
        <subfield code="e">dacs</subfield>
        <subfield code="c">NjP</subfield>
        </datafield>
            <datafield ind1=' ' ind2=' ' tag='041'>
            <subfield code='c'>heb</subfield>
          </datafield>
            <datafield ind1=' ' ind2=' ' tag='046'>
                <subfield code='a'>i</subfield>
                <subfield code='c'>2006</subfield>
                <subfield code='e'>2006</subfield>
              </datafield>
            <datafield ind1=' ' ind2=' ' tag='099'>
          <subfield code = 'a'>aspace_84ab10d8be9a7e2c959d3996de87af9f</subfield>
          </datafield>
            <datafield ind1='1' ind2='7' tag='100'>
                  <subfield code = 'a'>Paz, Erel.</subfield>
                  
                  <subfield code='4'>cmp</subfield>
                  <subfield code = '2'>viaf</subfield>
                  <subfield code = '0'>299331552</subfield>
                </datafield>
            <datafield ind1=' ' ind2=' ' tag='245'>
          <subfield code = 'a'>Selected works / Erel Paz</subfield>
          <subfield code = 'f'>2006</subfield>
          </datafield>
            
            <datafield ind1=' ' ind2=' ' tag='506'>
          <subfield code = 'a'>Collection is open for research use.</subfield>
          </datafield>
            <datafield ind1=' ' ind2=' ' tag='520'>
            <subfield code = 'a'>Water : for orchestra (2000) (16:01) -- Bruckner's force : for piano quartet (2002) (9:32) -- Happy song? : for quintet (2006) (11:04) -- Ke-i-ke-ta : for soprano and ensemble (1998) (7:40) -- String quartet (1996) (9:27) -- In the neighborhood : for flute, piano and contrabass (2000) (7:31) -- Bach in the dark : electro-acoustic sound-track (2003) (7:31)</subfield>
            </datafield>
            
            
            
            
            
            <datafield ind1='1' ind2=' ' tag='700'>
              <subfield code = 'a'>Paz, Erel.</subfield>
              
              <subfield code='4'>cmp</subfield>
              <subfield code = '2'>viaf</subfield>
              <subfield code = '0'>299331552</subfield>
            </datafield> <datafield ind1='1' ind2=' ' tag='700'>
              <subfield code = 'a'>Feder, Guy.</subfield>
              
              <subfield code='4'>cnd</subfield>
              
              <subfield code = '0'>no2014029791</subfield>
            </datafield> <datafield ind1='1' ind2=' ' tag='700'>
              <subfield code = 'a'>Zori, Nitai.</subfield>
              
              <subfield code='4'>prf</subfield>
              
              <subfield code = '0'>n 2011075652</subfield>
            </datafield> <datafield ind1='1' ind2=' ' tag='700'>
              <subfield code = 'a'>Justus, Adrian.</subfield>
              
              <subfield code='4'>prf</subfield>
              
              <subfield code = '0'>no2003110981</subfield>
            </datafield> <datafield ind1='1' ind2=' ' tag='700'>
              <subfield code = 'a'>Gotlibovich, Jonathan.</subfield>
              
              <subfield code='4'>prf</subfield>
              
              <subfield code = '0'>no2015122010</subfield>
            </datafield> <datafield ind1='1' ind2=' ' tag='700'>
              <subfield code = 'a'>Aharonov, Mosheh.</subfield>
              
              <subfield code='4'>prf</subfield>
              
              <subfield code = '0'>n 2014066663</subfield>
            </datafield> <datafield ind1='1' ind2=' ' tag='700'>
              <subfield code = 'a'>Cohen, Nadav.</subfield>
              
              <subfield code='4'>prf</subfield>
              
              <subfield code = '0'>n 2013029473</subfield>
            </datafield> <datafield ind1='1' ind2=' ' tag='700'>
              <subfield code = 'a'>Dolberg, Amit.</subfield>
              
              <subfield code='4'>prf</subfield>
              
              <subfield code = '0'>n 2013029475</subfield>
            </datafield> <datafield ind1='1' ind2=' ' tag='700'>
              <subfield code = 'a'>Nagy, Zsolt, 1957-</subfield>
              
              <subfield code='4'>cnd</subfield>
              
              <subfield code = '0'>no 98067950</subfield>
            </datafield> <datafield ind1='1' ind2=' ' tag='700'>
              <subfield code = 'a'>Hai, Galia.</subfield>
              
              <subfield code='4'>prf</subfield>
              
              <subfield code = '0'>n 2010062973</subfield>
            </datafield> <datafield ind1='2' ind2=' ' tag='710'>
              <subfield code = 'a'>Odense byorkester.</subfield>
              
              <subfield code='4'>prf</subfield>
              
              <subfield code = '0'>n 86860848</subfield>
            </datafield> <datafield ind1='2' ind2=' ' tag='710'>
              <subfield code = 'a'>Meitar Ensemble.</subfield>
              
              <subfield code='4'>prf</subfield>
              
              <subfield code = '0'>no2014081336</subfield>
            </datafield> <datafield ind1='1' ind2=' ' tag='700'>
              <subfield code = 'a'>Israel Contemporary Players.</subfield>
              
              <subfield code='4'>prf</subfield>
              
              <subfield code = '0'>n 2011085850</subfield>
            </datafield> <datafield ind1='2' ind2=' ' tag='710'>
              <subfield code = 'a'>Israel Contemporary String Quartet.</subfield>
              
              <subfield code='4'>prf</subfield>
              
              <subfield code = '0'>no2007034308</subfield>
            </datafield>
            <datafield ind1='4' ind2='2' tag='856'>
            <subfield code='z'>Search and Request</subfield>
            <subfield code = 'u'>https://findingaids.princeton.edu/catalog/aspace_84ab10d8be9a7e2c959d3996de87af9f</subfield>
            <subfield code='y'>Princeton University Library Finding Aids</subfield>
            </datafield>
            <datafield ind1=' ' ind2=' ' tag='982'><subfield code='c'></subfield></datafield>
          </record>