
<record>
            <leader>00000nimaa22000002u 4500</leader>
            <controlfield tag='001'>aspace_cf4dd725cdfbefc93af5c651ff3d6c31</controlfield>
            <controlfield tag='003'>PULFA</controlfield>
            <controlfield tag="008">000000e19972001xx      |           eng d</controlfield>
            <datafield ind1=' ' ind2=' ' tag='035'>
          <subfield code='a'>(PULFA)aspace_cf4dd725cdfbefc93af5c651ff3d6c31</subfield>
          </datafield>
            <datafield ind1=" " ind2=" " tag="040">
        <subfield code="a">NjP</subfield>
        <subfield code="b">eng</subfield>
        <subfield code="e">dacs</subfield>
        <subfield code="c">NjP</subfield>
        </datafield>
            <datafield ind1=' ' ind2=' ' tag='041'>
            <subfield code='c'>eng</subfield>
          </datafield>
            <datafield ind1=' ' ind2=' ' tag='046'>
                <subfield code='a'>i</subfield>
                <subfield code='c'>1997</subfield>
                <subfield code='e'>2001</subfield>
              </datafield>
            <datafield ind1=' ' ind2=' ' tag='099'>
          <subfield code = 'a'>aspace_cf4dd725cdfbefc93af5c651ff3d6c31</subfield>
          </datafield>
            <datafield ind1='1' ind2='0' tag='100'>
                  <subfield code = 'a'>Wolpe, Michael, 1960-</subfield>
                  
                  <subfield code='4'>cmp</subfield>
                  
                  <subfield code = '0'>no2005120795</subfield>
                </datafield>
            <datafield ind1=' ' ind2=' ' tag='245'>
          <subfield code = 'a'>סטבאט מאטר - קונצרטו לחלילית - הרהורים לתזמורת = Ṣṭab'aṭ ma'ṭer - Ḳonts'erṭo le-ḥalilit - Harhurim le-tizmoret = Stabat mater - Recorder concerto - Contemplation for orchestra</subfield>
          <subfield code = 'f'>1997-2001</subfield>
          </datafield>
            
            <datafield ind1=' ' ind2=' ' tag='506'>
          <subfield code = 'a'>Collection is open for research use.</subfield>
          </datafield>
            <datafield ind1=' ' ind2=' ' tag='520'>
            <subfield code = 'a'>Stabat Mater (1994) (Latvian Radio Choir ; Kaspars Putnins, conductor) -- Recorder concerto (1995) (Horacio Franco, soloist; Kibbutz Chamber Orchestra ; Mordechay Rechtmann, conductor) -- Contemplation : (1997) (Kibbutz Chamber Orchestra ; Doron Salomon, conductor)</subfield>
            </datafield>
            
            
            
            
            
            <datafield ind1='1' ind2=' ' tag='700'>
              <subfield code = 'a'>Wolpe, Michael, 1960-</subfield>
              
              <subfield code='4'>cmp</subfield>
              
              <subfield code = '0'>no2005120795</subfield>
            </datafield> <datafield ind1='1' ind2=' ' tag='700'>
              <subfield code = 'a'>Putnin̦š, Kaspars.</subfield>
              
              <subfield code='4'>cnd</subfield>
              
              <subfield code = '0'>no2002094686</subfield>
            </datafield> <datafield ind1='1' ind2=' ' tag='700'>
              <subfield code = 'a'>Franco, Horacio, 1963-</subfield>
              
              <subfield code='4'>itr</subfield>
              
              <subfield code = '0'>nr 94004653</subfield>
            </datafield> <datafield ind1='1' ind2=' ' tag='700'>
              <subfield code = 'a'>Rechtman, Mordechai.</subfield>
              
              <subfield code='4'>cnd</subfield>
              
              <subfield code = '0'>n 78022335</subfield>
            </datafield> <datafield ind1='1' ind2=' ' tag='700'>
              <subfield code = 'a'>Salomon, Doron.</subfield>
              
              <subfield code='4'>cnd</subfield>
              <subfield code = '2'>naf</subfield>
              <subfield code = '0'>n 86098853</subfield>
            </datafield> <datafield ind1='2' ind2=' ' tag='710'>
              <subfield code = 'a'>Latvijas Radio koris.</subfield>
              
              <subfield code='4'>prf</subfield>
              
              <subfield code = '0'>n 2007083309</subfield>
            </datafield> <datafield ind1='2' ind2=' ' tag='710'>
              <subfield code = 'a'>Tizmoret ha-ḳamerit ha-ḳibutsit.</subfield>
              
              <subfield code='4'>prf</subfield>
              
              <subfield code = '0'>nr 97032429</subfield>
            </datafield>
            <datafield ind1='4' ind2='2' tag='856'>
            <subfield code='z'>Search and Request</subfield>
            <subfield code = 'u'>https://findingaids.princeton.edu/catalog/aspace_cf4dd725cdfbefc93af5c651ff3d6c31</subfield>
            <subfield code='y'>Princeton University Library Finding Aids</subfield>
            </datafield>
            <datafield ind1=' ' ind2=' ' tag='982'><subfield code='c'></subfield></datafield>
          </record>