
<record>
            <leader>00000nimaa22000002u 4500</leader>
            <controlfield tag='001'>aspace_281a04ff87e1d6a46f475e4ca8f09eb0</controlfield>
            <controlfield tag='003'>PULFA</controlfield>
            <controlfield tag="008">000000e20012001xx      |           eng d</controlfield>
            <datafield ind1=' ' ind2=' ' tag='035'>
          <subfield code='a'>(PULFA)aspace_281a04ff87e1d6a46f475e4ca8f09eb0</subfield>
          </datafield>
            <datafield ind1=" " ind2=" " tag="040">
        <subfield code="a">NjP</subfield>
        <subfield code="b">eng</subfield>
        <subfield code="e">dacs</subfield>
        <subfield code="c">NjP</subfield>
        </datafield>
            <datafield ind1=' ' ind2=' ' tag='041'>
            <subfield code='c'>eng</subfield>
          </datafield>
            <datafield ind1=' ' ind2=' ' tag='046'>
                <subfield code='a'>i</subfield>
                <subfield code='c'>2001</subfield>
                <subfield code='e'>2001</subfield>
              </datafield>
            <datafield ind1=' ' ind2=' ' tag='099'>
          <subfield code = 'a'>aspace_281a04ff87e1d6a46f475e4ca8f09eb0</subfield>
          </datafield>
            <datafield ind1='1' ind2='7' tag='100'>
                  <subfield code = 'a'>Bar-Am, Benjamin, 1923-2012.</subfield>
                  
                  <subfield code='4'>cmp</subfield>
                  <subfield code = '2'>naf</subfield>
                  <subfield code = '0'>no 97064100</subfield>
                </datafield>
            <datafield ind1=' ' ind2=' ' tag='245'>
          <subfield code = 'a'>Symphonie nr. 1</subfield>
          <subfield code = 'f'>2001</subfield>
          </datafield>
            
            <datafield ind1=' ' ind2=' ' tag='506'>
          <subfield code = 'a'>Collection is open for research use.</subfield>
          </datafield>
            <datafield ind1=' ' ind2=' ' tag='520'>
            <subfield code = 'a'>Symphonie nr. 1. Toccata (Allegro tempestoso) -- Interludio (Lento) -- Finale (Furioso)</subfield>
            </datafield>
            
            
            
            
            
            <datafield ind1='1' ind2=' ' tag='700'>
              <subfield code = 'a'>Bar-Am, Benjamin, 1923-2012.</subfield>
              
              <subfield code='4'>cmp</subfield>
              <subfield code = '2'>naf</subfield>
              <subfield code = '0'>no 97064100</subfield>
            </datafield> <datafield ind1='1' ind2=' ' tag='700'>
              <subfield code = 'a'>Förster, Heiko-Mathias.</subfield>
              
              <subfield code='4'>cnd</subfield>
              <subfield code = '2'>naf</subfield>
              <subfield code = '0'>n 2005020379</subfield>
            </datafield> <datafield ind1='2' ind2=' ' tag='710'>
              <subfield code = 'a'>Münchner Symphoniker.</subfield>
              
              <subfield code='4'>prf</subfield>
              <subfield code = '2'>naf</subfield>
              <subfield code = '0'>n 82026479</subfield>
            </datafield>
            <datafield ind1='4' ind2='2' tag='856'>
            <subfield code='z'>Search and Request</subfield>
            <subfield code = 'u'>https://findingaids.princeton.edu/catalog/aspace_281a04ff87e1d6a46f475e4ca8f09eb0</subfield>
            <subfield code='y'>Princeton University Library Finding Aids</subfield>
            </datafield>
            <datafield ind1=' ' ind2=' ' tag='982'><subfield code='c'></subfield></datafield>
          </record>