
<record>
            <leader>00000nimaa22000002u 4500</leader>
            <controlfield tag='001'>aspace_53d65124cd49f51751863213ebfd9ba2</controlfield>
            <controlfield tag='003'>PULFA</controlfield>
            <controlfield tag="008">000000e20042004xx      |           heb d</controlfield>
            <datafield ind1=' ' ind2=' ' tag='035'>
          <subfield code='a'>(PULFA)aspace_53d65124cd49f51751863213ebfd9ba2</subfield>
          </datafield>
            <datafield ind1=" " ind2=" " tag="040">
        <subfield code="a">NjP</subfield>
        <subfield code="b">eng</subfield>
        <subfield code="e">dacs</subfield>
        <subfield code="c">NjP</subfield>
        </datafield>
            <datafield ind1=' ' ind2=' ' tag='041'>
            <subfield code='c'>heb</subfield>
          </datafield>
            <datafield ind1=' ' ind2=' ' tag='046'>
                <subfield code='a'>i</subfield>
                <subfield code='c'>2004</subfield>
                <subfield code='e'>2004</subfield>
              </datafield>
            <datafield ind1=' ' ind2=' ' tag='099'>
          <subfield code = 'a'>aspace_53d65124cd49f51751863213ebfd9ba2</subfield>
          </datafield>
            <datafield ind1='1' ind2='0' tag='100'>
                  <subfield code = 'a'>Fleischer, Tsippi, 1946-</subfield>
                  
                  <subfield code='4'>cmp</subfield>
                  
                  <subfield code = '0'>n 92110571</subfield>
                </datafield>
            <datafield ind1=' ' ind2=' ' tag='245'>
          <subfield code = 'a'>Symphonies I-V</subfield>
          <subfield code = 'f'>2004</subfield>
          </datafield>
            
            <datafield ind1=' ' ind2=' ' tag='506'>
          <subfield code = 'a'>Collection is open for research use.</subfield>
          </datafield>
            <datafield ind1=' ' ind2=' ' tag='520'>
            <subfield code = 'a'>Symphony no.1, op.33 (1995) : "Salt crystals" (10:12) -- Symphony no.2, op.48 (1998-2000) : "The train" (10:11) -- Symphony no.3, op.49 (1998-2000) : "Regarding beauty" (16:59) -- Symphony no.4, op.51 (2000) : "A passing shadow" (23:05) -- Symphony no.5, op.54 (2002-2004) : "Israeli-Jewish collage" (17:15)</subfield>
            </datafield>
            
            
            
            
            
            <datafield ind1='1' ind2=' ' tag='700'>
              <subfield code = 'a'>Fleischer, Tsippi, 1946-</subfield>
              
              <subfield code='4'>cmp</subfield>
              
              <subfield code = '0'>n 92110571</subfield>
            </datafield> <datafield ind1='1' ind2=' ' tag='700'>
              <subfield code = 'a'>Wilgowicz, Gérard, 1945-</subfield>
              
              <subfield code='4'>cnd</subfield>
              
              <subfield code = '0'>n 95045822</subfield>
            </datafield> <datafield ind1='1' ind2=' ' tag='700'>
              <subfield code = 'a'>Mikula, Jiří (Conductor)</subfield>
              
              <subfield code='4'>cnd</subfield>
              
              <subfield code = '0'>no 00063555</subfield>
            </datafield> <datafield ind1='1' ind2=' ' tag='700'>
              <subfield code = 'a'>Krajči, Mirko, 1968-</subfield>
              
              <subfield code='4'>cnd</subfield>
              
              <subfield code = '0'>n 2002075692</subfield>
            </datafield> <datafield ind1='1' ind2=' ' tag='700'>
              <subfield code = 'a'>Sela, Eyal.</subfield>
              
              <subfield code='4'>prf</subfield>
              
              <subfield code = '0'>n 2005017847</subfield>
            </datafield> <datafield ind1='1' ind2=' ' tag='700'>
              <subfield code = 'a'>Muallem, Yinon.</subfield>
              
              <subfield code='4'>prf</subfield>
              
              <subfield code = '0'>n 2005017849</subfield>
            </datafield> <datafield ind1='2' ind2=' ' tag='710'>
              <subfield code = 'a'>Filharmonia Narodowa (Warsaw, Poland)</subfield>
              
              <subfield code='4'>prf</subfield>
              
              <subfield code = '0'>n 83194275</subfield>
            </datafield> <datafield ind1='2' ind2=' ' tag='710'>
              <subfield code = 'a'>Moravská filharmonie.</subfield>
              
              <subfield code='4'>prf</subfield>
              
              <subfield code = '0'>n 88640006</subfield>
            </datafield> <datafield ind1='2' ind2=' ' tag='710'>
              <subfield code = 'a'>Pražští filharmonikové.</subfield>
              
              <subfield code='4'>prf</subfield>
              
              <subfield code = '0'>no2009006634</subfield>
            </datafield> <datafield ind1='2' ind2=' ' tag='710'>
              <subfield code = 'a'>Renanot, ha-Makhon le-musiḳah Yehudit.</subfield>
              
              <subfield code='4'>prf</subfield>
              
              <subfield code = '0'>n 2006016559</subfield>
            </datafield>
            <datafield ind1='4' ind2='2' tag='856'>
            <subfield code='z'>Search and Request</subfield>
            <subfield code = 'u'>https://findingaids.princeton.edu/catalog/aspace_53d65124cd49f51751863213ebfd9ba2</subfield>
            <subfield code='y'>Princeton University Library Finding Aids</subfield>
            </datafield>
            <datafield ind1=' ' ind2=' ' tag='982'><subfield code='c'></subfield></datafield>
          </record>