
<record>
            <leader>00000nimaa22000002u 4500</leader>
            <controlfield tag='001'>aspace_de2fc7dc42adb0587f796175d16bbe07</controlfield>
            <controlfield tag='003'>PULFA</controlfield>
            <controlfield tag="008">000000e20002000xx      |           eng d</controlfield>
            <datafield ind1=' ' ind2=' ' tag='035'>
          <subfield code='a'>(PULFA)aspace_de2fc7dc42adb0587f796175d16bbe07</subfield>
          </datafield>
            <datafield ind1=" " ind2=" " tag="040">
        <subfield code="a">NjP</subfield>
        <subfield code="b">eng</subfield>
        <subfield code="e">dacs</subfield>
        <subfield code="c">NjP</subfield>
        </datafield>
            <datafield ind1=' ' ind2=' ' tag='041'>
            <subfield code='c'>eng</subfield>
          </datafield>
            <datafield ind1=' ' ind2=' ' tag='046'>
                <subfield code='a'>i</subfield>
                <subfield code='c'>2000</subfield>
                <subfield code='e'>2000</subfield>
              </datafield>
            <datafield ind1=' ' ind2=' ' tag='099'>
          <subfield code = 'a'>aspace_de2fc7dc42adb0587f796175d16bbe07</subfield>
          </datafield>
            <datafield ind1='1' ind2='7' tag='100'>
                  <subfield code = 'a'>Yusupov, Benjamin, 1962-</subfield>
                  
                  <subfield code='4'>cmp</subfield>
                  <subfield code = '2'>naf</subfield>
                  <subfield code = '0'>nr2004012500</subfield>
                </datafield>
            <datafield ind1=' ' ind2=' ' tag='245'>
          <subfield code = 'a'>Symphony - Falak - Gabriel - Tanovor</subfield>
          <subfield code = 'f'>2000</subfield>
          </datafield>
            
            <datafield ind1=' ' ind2=' ' tag='506'>
          <subfield code = 'a'>Collection is open for research use.</subfield>
          </datafield>
            
            
            
            
            
            
            <datafield ind1='1' ind2=' ' tag='700'>
              <subfield code = 'a'>Yusupov, Benjamin, 1962-</subfield>
              
              <subfield code='4'>cmp</subfield>
              <subfield code = '2'>naf</subfield>
              <subfield code = '0'>nr2004012500</subfield>
            </datafield> <datafield ind1='1' ind2=' ' tag='700'>
              <subfield code = 'a'>Ornoy, Avichai.</subfield>
              
              <subfield code='4'>itr</subfield>
              
              <subfield code = '0'>no2013044485</subfield>
            </datafield> <datafield ind1='1' ind2=' ' tag='700'>
              <subfield code = 'a'>Biron, Avner.</subfield>
              
              <subfield code='4'>cnd</subfield>
              
              <subfield code = '0'>no 98109005</subfield>
            </datafield> <datafield ind1='1' ind2=' ' tag='700'>
              <subfield code = 'a'>Gottfried, Yaron, 1968-</subfield>
              
              <subfield code='4'>cnd</subfield>
              
              <subfield code = '0'>no2013044480</subfield>
            </datafield> <datafield ind1='2' ind2=' ' tag='710'>
              <subfield code = 'a'>Gorky Philharmonic Orchestra.</subfield>
              
              <subfield code='4'>prf</subfield>
              
              <subfield code = '0'>no2013044482</subfield>
            </datafield> <datafield ind1='2' ind2=' ' tag='710'>
              <subfield code = 'a'>Vsesoi︠u︡znoe radio. Simfonicheskiĭ orkestr.</subfield>
              
              <subfield code='4'>prf</subfield>
              
              <subfield code = '0'>n 85289739</subfield>
            </datafield> <datafield ind1='2' ind2=' ' tag='710'>
              <subfield code = 'a'>Tizmoret ha-filharmonit ha-Yiśreʼelit.</subfield>
              
              <subfield code='4'>prf</subfield>
              <subfield code = '2'>naf</subfield>
              <subfield code = '0'>n 81019530</subfield>
            </datafield> <datafield ind1='2' ind2=' ' tag='710'>
              <subfield code = 'a'>Israel Camerata Jerusalem.</subfield>
              
              <subfield code='4'>prf</subfield>
              
              <subfield code = '0'>no 98112539</subfield>
            </datafield>
            <datafield ind1='4' ind2='2' tag='856'>
            <subfield code='z'>Search and Request</subfield>
            <subfield code = 'u'>https://findingaids.princeton.edu/catalog/aspace_de2fc7dc42adb0587f796175d16bbe07</subfield>
            <subfield code='y'>Princeton University Library Finding Aids</subfield>
            </datafield>
            <datafield ind1=' ' ind2=' ' tag='982'><subfield code='c'></subfield></datafield>
          </record>