
<record>
            <leader>00000nimaa22000002u 4500</leader>
            <controlfield tag='001'>aspace_1ee5e79145001e972d588b1fd816a00d</controlfield>
            <controlfield tag='003'>PULFA</controlfield>
            <controlfield tag="008">000000e19901990xx      |           heb d</controlfield>
            <datafield ind1=' ' ind2=' ' tag='035'>
          <subfield code='a'>(PULFA)aspace_1ee5e79145001e972d588b1fd816a00d</subfield>
          </datafield>
            <datafield ind1=" " ind2=" " tag="040">
        <subfield code="a">NjP</subfield>
        <subfield code="b">eng</subfield>
        <subfield code="e">dacs</subfield>
        <subfield code="c">NjP</subfield>
        </datafield>
            <datafield ind1=' ' ind2=' ' tag='041'>
            <subfield code='c'>heb</subfield>
          </datafield>
            <datafield ind1=' ' ind2=' ' tag='046'>
                <subfield code='a'>i</subfield>
                <subfield code='c'>1990</subfield>
                <subfield code='e'>1990</subfield>
              </datafield>
            <datafield ind1=' ' ind2=' ' tag='099'>
          <subfield code = 'a'>aspace_1ee5e79145001e972d588b1fd816a00d</subfield>
          </datafield>
            <datafield ind1='1' ind2='0' tag='100'>
                  <subfield code = 'a'>Mindel, Me'ir, 1946-</subfield>
                  
                  <subfield code='4'>cmp</subfield>
                  
                  <subfield code = '0'>n 88099093</subfield>
                </datafield>
            <datafield ind1=' ' ind2=' ' tag='245'>
          <subfield code = 'a'>Tamar / Meir Mindel</subfield>
          <subfield code = 'f'>1990</subfield>
          </datafield>
            
            <datafield ind1=' ' ind2=' ' tag='506'>
          <subfield code = 'a'>Collection is open for research use.</subfield>
          </datafield>
            <datafield ind1=' ' ind2=' ' tag='520'>
            <subfield code = 'a'>Grotesque for piano (1972) (1:39) -- Agony for flute (1974) (9:22) -- Desert and wind for narrator, 26 percussion instrument and two pianos (1988) (19:21) -- Poem for French horn (1984) (7:45) -- A Maya Prophecy for mixed choir (1985) (13:22) -- Tamar for flute, horn and piano (16:07)</subfield>
            </datafield>
            
            
            
            
            
            <datafield ind1='1' ind2=' ' tag='700'>
              <subfield code = 'a'>Mindel, Me'ir, 1946-</subfield>
              
              <subfield code='4'>cmp</subfield>
              
              <subfield code = '0'>n 88099093</subfield>
            </datafield> <datafield ind1='1' ind2=' ' tag='700'>
              <subfield code = 'a'>Salton, Zvi, 1947-</subfield>
              
              <subfield code='4'>nrt</subfield>
              
              <subfield code = '0'>n 2021032863</subfield>
            </datafield> <datafield ind1='1' ind2=' ' tag='700'>
              <subfield code = 'a'>Wade, Michael, 1941-1990.</subfield>
              
              <subfield code='4'>nrt</subfield>
              
              <subfield code = '0'>n 90611814</subfield>
            </datafield> <datafield ind1='1' ind2=' ' tag='700'>
              <subfield code = 'a'>Fuxon, Sarah.</subfield>
              
              <subfield code='4'>prf</subfield>
              
              <subfield code = '0'>n 96005534</subfield>
            </datafield> <datafield ind1='1' ind2=' ' tag='700'>
              <subfield code = 'a'>Berman, Bart.</subfield>
              
              <subfield code='4'>prf</subfield>
              
              <subfield code = '0'>n 96005560</subfield>
            </datafield> <datafield ind1='1' ind2=' ' tag='700'>
              <subfield code = 'a'>Eitan, Lior.</subfield>
              
              <subfield code='4'>prf</subfield>
              
              <subfield code = '0'>n 2011059714</subfield>
            </datafield> <datafield ind1='1' ind2=' ' tag='700'>
              <subfield code = 'a'>Jones, Pamela (Pamela Anne)</subfield>
              
              <subfield code='4'>prf</subfield>
              
              <subfield code = '0'>no 93036396</subfield>
            </datafield> <datafield ind1='2' ind2=' ' tag='710'>
              <subfield code = 'a'>Maḳhelah ha-F̣ilharmonit (Tel-Aviv, Israel)</subfield>
              
              <subfield code='4'>prf</subfield>
              
              <subfield code = '0'>nr 93016546</subfield>
            </datafield>
            <datafield ind1='4' ind2='2' tag='856'>
            <subfield code='z'>Search and Request</subfield>
            <subfield code = 'u'>https://findingaids.princeton.edu/catalog/aspace_1ee5e79145001e972d588b1fd816a00d</subfield>
            <subfield code='y'>Princeton University Library Finding Aids</subfield>
            </datafield>
            <datafield ind1=' ' ind2=' ' tag='982'><subfield code='c'></subfield></datafield>
          </record>