
<record>
            <leader>00000nimaa22000002u 4500</leader>
            <controlfield tag='001'>aspace_8f9ccbfa50b7766b2331b7e3b71656d3</controlfield>
            <controlfield tag='003'>PULFA</controlfield>
            <controlfield tag="008">000000e20062006xx      |           ger d</controlfield>
            <datafield ind1=' ' ind2=' ' tag='035'>
          <subfield code='a'>(PULFA)aspace_8f9ccbfa50b7766b2331b7e3b71656d3</subfield>
          </datafield>
            <datafield ind1=" " ind2=" " tag="040">
        <subfield code="a">NjP</subfield>
        <subfield code="b">eng</subfield>
        <subfield code="e">dacs</subfield>
        <subfield code="c">NjP</subfield>
        </datafield>
            <datafield ind1=' ' ind2=' ' tag='041'>
            <subfield code='c'>ger</subfield>
          </datafield>
            <datafield ind1=' ' ind2=' ' tag='046'>
                <subfield code='a'>i</subfield>
                <subfield code='c'>2006</subfield>
                <subfield code='e'>2006</subfield>
              </datafield>
            <datafield ind1=' ' ind2=' ' tag='099'>
          <subfield code = 'a'>aspace_8f9ccbfa50b7766b2331b7e3b71656d3</subfield>
          </datafield>
            <datafield ind1='1' ind2='0' tag='100'>
                  <subfield code = 'a'>Schoenberg, Arnold, 1874-1951.</subfield>
                  
                  <subfield code='4'>cmp</subfield>
                  
                  <subfield code = '0'>n 80032780</subfield>
                </datafield>
            <datafield ind1=' ' ind2=' ' tag='245'>
          <subfield code = 'a'>Verklärte Nacht : op. 4 / Schönberg -- Ist der Himmel leer? / Milch-Sheriff</subfield>
          <subfield code = 'f'>2006</subfield>
          </datafield>
            
            <datafield ind1=' ' ind2=' ' tag='506'>
          <subfield code = 'a'>Collection is open for research use.</subfield>
          </datafield>
            <datafield ind1=' ' ind2=' ' tag='520'>
            <subfield code = 'a'>Verklärte Nacht, op. 4 (1943 version for string orchestra) / Arnold Schoenberg -- Ist der Himmel leer? / Ella Milch-Sheriff</subfield>
            </datafield>
            
            
            
            
            
            <datafield ind1='1' ind2=' ' tag='700'>
              <subfield code = 'a'>Schoenberg, Arnold, 1874-1951.</subfield>
              
              <subfield code='4'>cmp</subfield>
              
              <subfield code = '0'>n 80032780</subfield>
            </datafield> <datafield ind1='1' ind2=' ' tag='700'>
              <subfield code = 'a'>Milch-Sheriff, Ella, 1954-</subfield>
              
              <subfield code='4'>cmp</subfield>
              
              <subfield code = '0'>n 2007058602</subfield>
            </datafield> <datafield ind1='1' ind2=' ' tag='700'>
              <subfield code = 'a'>Prior, Ingeborg, 1939-</subfield>
              
              <subfield code='4'>trl</subfield>
              
              <subfield code = '0'>nb2002057718</subfield>
            </datafield> <datafield ind1='1' ind2=' ' tag='700'>
              <subfield code = 'a'>Osthoff, Cosima Sophia, 1963-</subfield>
              
              <subfield code='4'>cnd</subfield>
              
              <subfield code = '0'>n 2012054746</subfield>
            </datafield> <datafield ind1='2' ind2=' ' tag='710'>
              <subfield code = 'a'>Düsseldorfer Symphoniker.</subfield>
              
              <subfield code='4'>prf</subfield>
              
              <subfield code = '0'>n 84040801</subfield>
            </datafield>
            <datafield ind1='4' ind2='2' tag='856'>
            <subfield code='z'>Search and Request</subfield>
            <subfield code = 'u'>https://findingaids.princeton.edu/catalog/aspace_8f9ccbfa50b7766b2331b7e3b71656d3</subfield>
            <subfield code='y'>Princeton University Library Finding Aids</subfield>
            </datafield>
            <datafield ind1=' ' ind2=' ' tag='982'><subfield code='c'></subfield></datafield>
          </record>