
<record>
            <leader>00000nimaa22000002u 4500</leader>
            <controlfield tag='001'>aspace_8ecfde28a54521a74e227b1a130a7744</controlfield>
            <controlfield tag='003'>PULFA</controlfield>
            <controlfield tag="008">000000e20062006xx      |           eng d</controlfield>
            <datafield ind1=' ' ind2=' ' tag='035'>
          <subfield code='a'>(PULFA)aspace_8ecfde28a54521a74e227b1a130a7744</subfield>
          </datafield>
            <datafield ind1=" " ind2=" " tag="040">
        <subfield code="a">NjP</subfield>
        <subfield code="b">eng</subfield>
        <subfield code="e">dacs</subfield>
        <subfield code="c">NjP</subfield>
        </datafield>
            <datafield ind1=' ' ind2=' ' tag='041'>
            <subfield code='c'>eng</subfield>
          </datafield>
            <datafield ind1=' ' ind2=' ' tag='046'>
                <subfield code='a'>i</subfield>
                <subfield code='c'>2006</subfield>
                <subfield code='e'>2006</subfield>
              </datafield>
            <datafield ind1=' ' ind2=' ' tag='099'>
          <subfield code = 'a'>aspace_8ecfde28a54521a74e227b1a130a7744</subfield>
          </datafield>
            <datafield ind1='1' ind2='0' tag='100'>
                  <subfield code = 'a'>Shohat, Gil, 1973-</subfield>
                  
                  <subfield code='4'>cmp</subfield>
                  
                  <subfield code = '0'>no2005009548</subfield>
                </datafield>
            <datafield ind1=' ' ind2=' ' tag='245'>
          <subfield code = 'a'>Vocal pieces</subfield>
          <subfield code = 'f'>2006</subfield>
          </datafield>
            
            <datafield ind1=' ' ind2=' ' tag='506'>
          <subfield code = 'a'>Collection is open for research use.</subfield>
          </datafield>
            <datafield ind1=' ' ind2=' ' tag='520'>
            <subfield code = 'a'>Requiem ; Michal ; Queen of the Night went mad</subfield>
            </datafield>
            
            
            
            
            
            <datafield ind1='1' ind2=' ' tag='700'>
              <subfield code = 'a'>Shohat, Gil, 1973-</subfield>
              
              <subfield code='4'>cmp</subfield>
              
              <subfield code = '0'>no2005009548</subfield>
            </datafield> <datafield ind1='1' ind2=' ' tag='700'>
              <subfield code = 'a'>Sperber, Stanley.</subfield>
              
              <subfield code='4'>cnd</subfield>
              <subfield code = '2'>naf</subfield>
              <subfield code = '0'>no 96043212</subfield>
            </datafield> <datafield ind1='1' ind2=' ' tag='700'>
              <subfield code = 'a'>Barnea, Merav.</subfield>
              
              <subfield code='4'>sng</subfield>
              <subfield code = '2'>viaf</subfield>
              <subfield code = '0'>297358892</subfield>
            </datafield> <datafield ind1='2' ind2=' ' tag='710'>
              <subfield code = 'a'>Cappella Amsterdam.</subfield>
              
              <subfield code='4'>prf</subfield>
              
              <subfield code = '0'>n 97099247</subfield>
            </datafield> <datafield ind1='2' ind2=' ' tag='710'>
              <subfield code = 'a'>Conjunto Ibérico.</subfield>
              
              <subfield code='4'>itr</subfield>
              
              <subfield code = '0'>n 94113604</subfield>
            </datafield> <datafield ind1='2' ind2=' ' tag='710'>
              <subfield code = 'a'>Raʻanana Symphonette Orchestra.</subfield>
              
              <subfield code='4'>prf</subfield>
              
              <subfield code = '0'>no2007136632</subfield>
            </datafield>
            <datafield ind1='4' ind2='2' tag='856'>
            <subfield code='z'>Search and Request</subfield>
            <subfield code = 'u'>https://findingaids.princeton.edu/catalog/aspace_8ecfde28a54521a74e227b1a130a7744</subfield>
            <subfield code='y'>Princeton University Library Finding Aids</subfield>
            </datafield>
            <datafield ind1=' ' ind2=' ' tag='982'><subfield code='c'></subfield></datafield>
          </record>