
<record>
            <leader>00000nimaa22000002u 4500</leader>
            <controlfield tag='001'>aspace_768e0f2d195db13dc72d16e3ffe27dbd</controlfield>
            <controlfield tag='003'>PULFA</controlfield>
            <controlfield tag="008">000000e20072007xx      |           heb d</controlfield>
            <datafield ind1=' ' ind2=' ' tag='035'>
          <subfield code='a'>(PULFA)aspace_768e0f2d195db13dc72d16e3ffe27dbd</subfield>
          </datafield>
            <datafield ind1=" " ind2=" " tag="040">
        <subfield code="a">NjP</subfield>
        <subfield code="b">eng</subfield>
        <subfield code="e">dacs</subfield>
        <subfield code="c">NjP</subfield>
        </datafield>
            <datafield ind1=' ' ind2=' ' tag='041'>
            <subfield code='c'>heb</subfield>
          </datafield>
            <datafield ind1=' ' ind2=' ' tag='046'>
                <subfield code='a'>i</subfield>
                <subfield code='c'>2007</subfield>
                <subfield code='e'>2007</subfield>
              </datafield>
            <datafield ind1=' ' ind2=' ' tag='099'>
          <subfield code = 'a'>aspace_768e0f2d195db13dc72d16e3ffe27dbd</subfield>
          </datafield>
            <datafield ind1='1' ind2='0' tag='100'>
                  <subfield code = 'a'>Zehavi, Oded, 1961-</subfield>
                  
                  <subfield code='4'>cmp</subfield>
                  
                  <subfield code = '0'>nr 94026568</subfield>
                </datafield>
            <datafield ind1=' ' ind2=' ' tag='245'>
          <subfield code = 'a'>Words and music : autumn</subfield>
          <subfield code = 'f'>2007</subfield>
          </datafield>
            
            <datafield ind1=' ' ind2=' ' tag='506'>
          <subfield code = 'a'>Collection is open for research use.</subfield>
          </datafield>
            <datafield ind1=' ' ind2=' ' tag='520'>
            <subfield code = 'a'>May 2002 : introduction and three songs for narrator and ensemble -- Autumn : for string trio -- Three songs on poems of Yair Horowitz</subfield>
            </datafield>
            
            
            
            
            
            <datafield ind1='1' ind2=' ' tag='700'>
              <subfield code = 'a'>Zehavi, Oded, 1961-</subfield>
              
              <subfield code='4'>cmp</subfield>
              
              <subfield code = '0'>nr 94026568</subfield>
            </datafield> <datafield ind1='1' ind2=' ' tag='700'>
              <subfield code = 'a'>Hartman, Miriam.</subfield>
              
              <subfield code='4'>itr</subfield>
              
              <subfield code = '0'>n 2005052680</subfield>
            </datafield> <datafield ind1='1' ind2=' ' tag='700'>
              <subfield code = 'a'>Ben-Moshe, Boaz.</subfield>
              
              <subfield code='4'>sng</subfield>
              
              <subfield code = '0'>nr 00031321</subfield>
            </datafield> <datafield ind1='1' ind2=' ' tag='700'>
              <subfield code = 'a'>Rubenstein, Daniel, 1971-</subfield>
              
              <subfield code='4'>itr</subfield>
              
              <subfield code = '0'>no2007029646</subfield>
            </datafield> <datafield ind1='1' ind2=' ' tag='700'>
              <subfield code = 'a'>Friedland, Irena.</subfield>
              
              <subfield code='4'>itr</subfield>
              
              <subfield code = '0'>no2006040968</subfield>
            </datafield>
            <datafield ind1='4' ind2='2' tag='856'>
            <subfield code='z'>Search and Request</subfield>
            <subfield code = 'u'>https://findingaids.princeton.edu/catalog/aspace_768e0f2d195db13dc72d16e3ffe27dbd</subfield>
            <subfield code='y'>Princeton University Library Finding Aids</subfield>
            </datafield>
            <datafield ind1=' ' ind2=' ' tag='982'><subfield code='c'></subfield></datafield>
          </record>