
<record>
            <leader>00000nimaa22000002u 4500</leader>
            <controlfield tag='001'>aspace_6681d954ae0ed7f92a2e645ac3eeb7a9</controlfield>
            <controlfield tag='003'>PULFA</controlfield>
            <controlfield tag="008">000000e20072007xx      |           heb d</controlfield>
            <datafield ind1=' ' ind2=' ' tag='035'>
          <subfield code='a'>(PULFA)aspace_6681d954ae0ed7f92a2e645ac3eeb7a9</subfield>
          </datafield>
            <datafield ind1=" " ind2=" " tag="040">
        <subfield code="a">NjP</subfield>
        <subfield code="b">eng</subfield>
        <subfield code="e">dacs</subfield>
        <subfield code="c">NjP</subfield>
        </datafield>
            <datafield ind1=' ' ind2=' ' tag='041'>
            <subfield code='c'>heb</subfield>
          </datafield>
            <datafield ind1=' ' ind2=' ' tag='046'>
                <subfield code='a'>i</subfield>
                <subfield code='c'>2007</subfield>
                <subfield code='e'>2007</subfield>
              </datafield>
            <datafield ind1=' ' ind2=' ' tag='099'>
          <subfield code = 'a'>aspace_6681d954ae0ed7f92a2e645ac3eeb7a9</subfield>
          </datafield>
            <datafield ind1='1' ind2='0' tag='100'>
                  <subfield code = 'a'>Zehavi, Oded, 1961-</subfield>
                  
                  <subfield code='4'>cmp</subfield>
                  
                  <subfield code = '0'>nr 94026568</subfield>
                </datafield>
            <datafield ind1=' ' ind2=' ' tag='245'>
          <subfield code = 'a'>Words and music : memories</subfield>
          <subfield code = 'f'>2007</subfield>
          </datafield>
            
            <datafield ind1=' ' ind2=' ' tag='506'>
          <subfield code = 'a'>Collection is open for research use.</subfield>
          </datafield>
            <datafield ind1=' ' ind2=' ' tag='520'>
            <subfield code = 'a'>Memories : for piano solo (Ferenc Vizi, piano) -- Lord hear my prayer = (Eli shema t'khinati) : cantata for soprano, mixed choir, oboe and string orchestra (Maya Kasir, soprano ; Tel Aviv Chamber Choir ; Rananna Symphonette Orchestra ; Michael Shani, conductor) -- Memories : for piano solo (Olga Kern, piano) -- For your salvation I pray, oh Lord = (Peamai harima ya metzili) : for childrens' choir (Ankor Childrens' Choir ; Dafna Ben-Yohanan, conductor) -- Memories : for piano solo (Shawn Botkin, piano)</subfield>
            </datafield>
            
            
            
            
            
            <datafield ind1='1' ind2=' ' tag='700'>
              <subfield code = 'a'>Zehavi, Oded, 1961-</subfield>
              
              <subfield code='4'>cmp</subfield>
              
              <subfield code = '0'>nr 94026568</subfield>
            </datafield> <datafield ind1='1' ind2=' ' tag='700'>
              <subfield code = 'a'>Vizi, Ferenc, 1974-</subfield>
              
              <subfield code='4'>itr</subfield>
              
              <subfield code = '0'>no2015099564</subfield>
            </datafield> <datafield ind1='1' ind2=' ' tag='700'>
              <subfield code = 'a'>Shani, Michael, 1950-</subfield>
              
              <subfield code='4'>cnd</subfield>
              <subfield code = '2'>viaf</subfield>
              <subfield code = '0'>297205571</subfield>
            </datafield> <datafield ind1='1' ind2=' ' tag='700'>
              <subfield code = 'a'>Kern, Ol'ga.</subfield>
              
              <subfield code='4'>itr</subfield>
              
              <subfield code = '0'>no2002019082</subfield>
            </datafield> <datafield ind1='1' ind2=' ' tag='700'>
              <subfield code = 'a'>Ben-Yohanan, Dafna.</subfield>
              
              <subfield code='4'>cnd</subfield>
              
              <subfield code = '0'>no2012120586</subfield>
            </datafield> <datafield ind1='1' ind2=' ' tag='700'>
              <subfield code = 'a'>Botkin, Sean.</subfield>
              
              <subfield code='4'>itr</subfield>
              
              <subfield code = '0'>nr 00021394</subfield>
            </datafield> <datafield ind1='2' ind2=' ' tag='710'>
              <subfield code = 'a'>Maḳhelah (ḳamerit) Tel-Aviv.</subfield>
              
              <subfield code='4'>prf</subfield>
              
              <subfield code = '0'>n 88194642</subfield>
            </datafield> <datafield ind1='2' ind2=' ' tag='710'>
              <subfield code = 'a'>Raʻanana Symphonette Orchestra.</subfield>
              
              <subfield code='4'>prf</subfield>
              
              <subfield code = '0'>no2007136632</subfield>
            </datafield> <datafield ind1='2' ind2=' ' tag='710'>
              <subfield code = 'a'>Ankor Children's Choir.</subfield>
              
              <subfield code='4'>prf</subfield>
              
              <subfield code = '0'>nr 94026569</subfield>
            </datafield>
            <datafield ind1='4' ind2='2' tag='856'>
            <subfield code='z'>Search and Request</subfield>
            <subfield code = 'u'>https://findingaids.princeton.edu/catalog/aspace_6681d954ae0ed7f92a2e645ac3eeb7a9</subfield>
            <subfield code='y'>Princeton University Library Finding Aids</subfield>
            </datafield>
            <datafield ind1=' ' ind2=' ' tag='982'><subfield code='c'></subfield></datafield>
          </record>