
<record>
            <leader>00000ntmaa22000002u 4500</leader>
            <controlfield tag='001'>aspace_6de36862be4ba235a73a0fe0e00ea8ca</controlfield>
            <controlfield tag='003'>PULFA</controlfield>
            <controlfield tag="008">000000e19931993xx      |           eng d</controlfield>
            <datafield ind1=' ' ind2=' ' tag='035'>
          <subfield code='a'>(PULFA)aspace_6de36862be4ba235a73a0fe0e00ea8ca</subfield>
          </datafield>
            <datafield ind1=" " ind2=" " tag="040">
        <subfield code="a">NjP</subfield>
        <subfield code="b">eng</subfield>
        <subfield code="e">dacs</subfield>
        <subfield code="c">NjP</subfield>
        </datafield>
            <datafield ind1=' ' ind2=' ' tag='041'>
            <subfield code='c'>eng</subfield>
          </datafield>
            <datafield ind1=' ' ind2=' ' tag='046'>
                <subfield code='a'>i</subfield>
                <subfield code='c'>1993</subfield>
                <subfield code='e'>1993</subfield>
              </datafield>
            <datafield ind1=' ' ind2=' ' tag='099'>
          <subfield code = 'a'>aspace_6de36862be4ba235a73a0fe0e00ea8ca</subfield>
          </datafield>
            <datafield ind1='1' ind2='0' tag='100'>
                  <subfield code = 'a'>Taruskin, Richard, 1945-2022.</subfield>
                  
                  <subfield code='4'>aut</subfield>
                  
                  
                </datafield>
            <datafield ind1=' ' ind2=' ' tag='245'>
          <subfield code = 'a'>Taruskin, Richard, "No Ear for Music: The scary purity of John Cage"</subfield>
          <subfield code = 'f'>1993</subfield>
          </datafield>
            
            <datafield ind1=' ' ind2=' ' tag='506'>
          <subfield code = 'a'>Collection is open for research use.</subfield>
          </datafield>
            
            
            
            
            
            
            <datafield ind1='1' ind2=' ' tag='700'>
              <subfield code = 'a'>Taruskin, Richard, 1945-2022.</subfield>
              
              <subfield code='4'>aut</subfield>
              
              
            </datafield>
            <datafield ind1='4' ind2='2' tag='856'>
            <subfield code='z'>Search and Request</subfield>
            <subfield code = 'u'>https://findingaids.princeton.edu/catalog/aspace_6de36862be4ba235a73a0fe0e00ea8ca</subfield>
            <subfield code='y'>Princeton University Library Finding Aids</subfield>
            </datafield>
            <datafield ind1=' ' ind2=' ' tag='982'><subfield code='c'></subfield></datafield>
          </record>