
<record>
            <leader>00000ntmaa22000002u 4500</leader>
            <controlfield tag='001'>aspace_7cac69eee2673d57f190477c6eb6d5d7</controlfield>
            <controlfield tag='003'>PULFA</controlfield>
            <controlfield tag="008">000000e19801980xx      |           eng d</controlfield>
            <datafield ind1=' ' ind2=' ' tag='035'>
          <subfield code='a'>(PULFA)aspace_7cac69eee2673d57f190477c6eb6d5d7</subfield>
          </datafield>
            <datafield ind1=" " ind2=" " tag="040">
        <subfield code="a">NjP</subfield>
        <subfield code="b">eng</subfield>
        <subfield code="e">dacs</subfield>
        <subfield code="c">NjP</subfield>
        </datafield>
            <datafield ind1=' ' ind2=' ' tag='041'>
            <subfield code='c'>eng</subfield>
          </datafield>
            <datafield ind1=' ' ind2=' ' tag='046'>
                <subfield code='a'>i</subfield>
                <subfield code='c'>1980</subfield>
                <subfield code='e'>1980</subfield>
              </datafield>
            <datafield ind1=' ' ind2=' ' tag='099'>
          <subfield code = 'a'>aspace_7cac69eee2673d57f190477c6eb6d5d7</subfield>
          </datafield>
            <datafield ind1='2' ind2='0' tag='110'>
                  <subfield code = 'a'>AMLI Central Library for Music and Dance (Tel Aviv, Israel)</subfield>
                  
                  <subfield code='4'>pbl</subfield>
                  
                  
                </datafield>
            <datafield ind1=' ' ind2=' ' tag='245'>
          <subfield code = 'a'>Joachim-Yehoyachin Stutschewsky, Complete Catalogue of His Works</subfield>
          <subfield code = 'f'>1980</subfield>
          </datafield>
            
            <datafield ind1=' ' ind2=' ' tag='506'>
          <subfield code = 'a'>Collection is open for research use.</subfield>
          </datafield>
            
            
            
            
            
            
            <datafield ind1='2' ind2=' ' tag='710'>
              <subfield code = 'a'>AMLI Central Library for Music and Dance (Tel Aviv, Israel)</subfield>
              
              <subfield code='4'>pbl</subfield>
              
              
            </datafield> <datafield ind1='1' ind2=' ' tag='700'>
              <subfield code = 'a'>Voss, Ulrich, 1898-</subfield>
              
              <subfield code='4'>edt</subfield>
              <subfield code = '2'>ingest</subfield>
              
            </datafield> <datafield ind1='1' ind2='0' tag='600'>
              <subfield code = 'a'>Stutschewsky, Joachim, 1891-1982.</subfield>
              
              
              
              
            </datafield>
            <datafield ind1='4' ind2='2' tag='856'>
            <subfield code='z'>Search and Request</subfield>
            <subfield code = 'u'>https://findingaids.princeton.edu/catalog/aspace_7cac69eee2673d57f190477c6eb6d5d7</subfield>
            <subfield code='y'>Princeton University Library Finding Aids</subfield>
            </datafield>
            <datafield ind1=' ' ind2=' ' tag='982'><subfield code='c'></subfield></datafield>
          </record>