
<record>
            <leader>00000ntmaa22000002u 4500</leader>
            <controlfield tag='001'>aspace_4ed39c8249dbf92aa7e46957691ae6d5</controlfield>
            <controlfield tag='003'>PULFA</controlfield>
            <controlfield tag="008">000000e19811981xx      |           heb d</controlfield>
            <datafield ind1=' ' ind2=' ' tag='035'>
          <subfield code='a'>(PULFA)aspace_4ed39c8249dbf92aa7e46957691ae6d5</subfield>
          </datafield>
            <datafield ind1=" " ind2=" " tag="040">
        <subfield code="a">NjP</subfield>
        <subfield code="b">eng</subfield>
        <subfield code="e">dacs</subfield>
        <subfield code="c">NjP</subfield>
        </datafield>
            <datafield ind1=' ' ind2=' ' tag='041'>
            <subfield code='c'>heb</subfield>
          </datafield>
            <datafield ind1=' ' ind2=' ' tag='046'>
                <subfield code='a'>i</subfield>
                <subfield code='c'>1981</subfield>
                <subfield code='e'>1981</subfield>
              </datafield>
            <datafield ind1=' ' ind2=' ' tag='099'>
          <subfield code = 'a'>aspace_4ed39c8249dbf92aa7e46957691ae6d5</subfield>
          </datafield>
            <datafield ind1='2' ind2='7' tag='110'>
                  <subfield code = 'a'>Israeli Music Institute.</subfield>
                  
                  <subfield code='4'>pbl</subfield>
                  <subfield code = '2'>local</subfield>
                  
                </datafield>
            <datafield ind1=' ' ind2=' ' tag='245'>
          <subfield code = 'a'>20th Anniversary of the Israel Music Institute, 1961-1981 Publications in Print</subfield>
          <subfield code = 'f'>1981</subfield>
          </datafield>
            
            <datafield ind1=' ' ind2=' ' tag='506'>
          <subfield code = 'a'>Collection is open for research use.</subfield>
          </datafield>
            
            
            
            
            
            
            <datafield ind1='2' ind2=' ' tag='710'>
              <subfield code = 'a'>Israeli Music Institute.</subfield>
              
              <subfield code='4'>pbl</subfield>
              <subfield code = '2'>local</subfield>
              
            </datafield>
            <datafield ind1='4' ind2='2' tag='856'>
            <subfield code='z'>Search and Request</subfield>
            <subfield code = 'u'>https://findingaids.princeton.edu/catalog/aspace_4ed39c8249dbf92aa7e46957691ae6d5</subfield>
            <subfield code='y'>Princeton University Library Finding Aids</subfield>
            </datafield>
            <datafield ind1=' ' ind2=' ' tag='982'><subfield code='c'></subfield></datafield>
          </record>