
<record>
            <leader>00000ntmaa22000002u 4500</leader>
            <controlfield tag='001'>aspace_b28de5b076fb913dee4403f3b58bace0</controlfield>
            <controlfield tag='003'>PULFA</controlfield>
            <controlfield tag="008">000000e19671967xx      |           eng d</controlfield>
            <datafield ind1=' ' ind2=' ' tag='035'>
          <subfield code='a'>(PULFA)aspace_b28de5b076fb913dee4403f3b58bace0</subfield>
          </datafield>
            <datafield ind1=" " ind2=" " tag="040">
        <subfield code="a">NjP</subfield>
        <subfield code="b">eng</subfield>
        <subfield code="e">dacs</subfield>
        <subfield code="c">NjP</subfield>
        </datafield>
            <datafield ind1=' ' ind2=' ' tag='041'>
            <subfield code='c'>eng</subfield>
          </datafield>
            <datafield ind1=' ' ind2=' ' tag='046'>
                <subfield code='a'>i</subfield>
                <subfield code='c'>1967</subfield>
                <subfield code='e'>1967</subfield>
              </datafield>
            <datafield ind1=' ' ind2=' ' tag='099'>
          <subfield code = 'a'>aspace_b28de5b076fb913dee4403f3b58bace0</subfield>
          </datafield>
            
            <datafield ind1=' ' ind2=' ' tag='245'>
          <subfield code = 'a'>Schoenberg Series, The University of Wisconsin School of Music Presents a Tribute to Rudolf Kolisch</subfield>
          <subfield code = 'f'>1967</subfield>
          </datafield>
            
            <datafield ind1=' ' ind2=' ' tag='506'>
          <subfield code = 'a'>Collection is open for research use.</subfield>
          </datafield>
            
            
            
            
            
            
            <datafield ind1='1' ind2='7' tag='600'>
              <subfield code = 'a'>Kolisch, Rudolf, 1896-1978.</subfield>
              
              <subfield code='4'>dte</subfield>
              <subfield code = '2'>ingest</subfield>
              
            </datafield> <datafield ind1='1' ind2='0' tag='600'>
              <subfield code = 'a'>Schoenberg, Arnold, 1874-1951.</subfield>
              
              
              
              <subfield code = '0'>n 80032780</subfield>
            </datafield>
            <datafield ind1='4' ind2='2' tag='856'>
            <subfield code='z'>Search and Request</subfield>
            <subfield code = 'u'>https://findingaids.princeton.edu/catalog/aspace_b28de5b076fb913dee4403f3b58bace0</subfield>
            <subfield code='y'>Princeton University Library Finding Aids</subfield>
            </datafield>
            <datafield ind1=' ' ind2=' ' tag='982'><subfield code='c'></subfield></datafield>
          </record>