
<record>
            <leader>00000ntmaa22000002u 4500</leader>
            <controlfield tag='001'>aspace_37773a0e1c3c3625d2fecad26473724c</controlfield>
            <controlfield tag='003'>PULFA</controlfield>
            <controlfield tag="008">000000n        xx      |           eng d</controlfield>
            <datafield ind1=' ' ind2=' ' tag='035'>
          <subfield code='a'>(PULFA)aspace_37773a0e1c3c3625d2fecad26473724c</subfield>
          </datafield>
            <datafield ind1=" " ind2=" " tag="040">
        <subfield code="a">NjP</subfield>
        <subfield code="b">eng</subfield>
        <subfield code="e">dacs</subfield>
        <subfield code="c">NjP</subfield>
        </datafield>
            <datafield ind1=' ' ind2=' ' tag='041'>
            <subfield code='c'>eng</subfield>
          </datafield>
            
            <datafield ind1=' ' ind2=' ' tag='099'>
          <subfield code = 'a'>aspace_37773a0e1c3c3625d2fecad26473724c</subfield>
          </datafield>
            <datafield ind1='2' ind2='7' tag='110'>
                  <subfield code = 'a'>Culver Pictures.</subfield>
                  
                  <subfield code='4'>pbl</subfield>
                  <subfield code = '2'>ingest</subfield>
                  
                </datafield>
            <datafield ind1=' ' ind2=' ' tag='245'>
          <subfield code = 'a'>Landowska, Wanda, Blank Postcard</subfield>
          
          </datafield>
            
            <datafield ind1=' ' ind2=' ' tag='506'>
          <subfield code = 'a'>Collection is open for research use.</subfield>
          </datafield>
            
            
            
            
            
            
            <datafield ind1='2' ind2=' ' tag='710'>
              <subfield code = 'a'>Culver Pictures.</subfield>
              
              <subfield code='4'>pbl</subfield>
              <subfield code = '2'>ingest</subfield>
              
            </datafield> <datafield ind1='1' ind2='0' tag='600'>
              <subfield code = 'a'>Landowska, Wanda, 1879-1959.</subfield>
              
              <subfield code='4'>dpc</subfield>
              
              
            </datafield>
            <datafield ind1='4' ind2='2' tag='856'>
            <subfield code='z'>Search and Request</subfield>
            <subfield code = 'u'>https://findingaids.princeton.edu/catalog/aspace_37773a0e1c3c3625d2fecad26473724c</subfield>
            <subfield code='y'>Princeton University Library Finding Aids</subfield>
            </datafield>
            <datafield ind1=' ' ind2=' ' tag='982'><subfield code='c'></subfield></datafield>
          </record>