
<record>
            <leader>00000ntmaa22000002u 4500</leader>
            <controlfield tag='001'>aspace_5eac670073c50b2196d281b0cb5dd204</controlfield>
            <controlfield tag='003'>PULFA</controlfield>
            <controlfield tag="008">000000n        xx      |           fre d</controlfield>
            <datafield ind1=' ' ind2=' ' tag='035'>
          <subfield code='a'>(PULFA)aspace_5eac670073c50b2196d281b0cb5dd204</subfield>
          </datafield>
            <datafield ind1=" " ind2=" " tag="040">
        <subfield code="a">NjP</subfield>
        <subfield code="b">eng</subfield>
        <subfield code="e">dacs</subfield>
        <subfield code="c">NjP</subfield>
        </datafield>
            <datafield ind1=' ' ind2=' ' tag='041'>
            <subfield code='c'>fre</subfield>
          </datafield>
            
            <datafield ind1=' ' ind2=' ' tag='099'>
          <subfield code = 'a'>aspace_5eac670073c50b2196d281b0cb5dd204</subfield>
          </datafield>
            <datafield ind1='1' ind2='0' tag='100'>
                  <subfield code = 'a'>Rodin, Auguste, 1840-1917.</subfield>
                  
                  <subfield code='4'>scl</subfield>
                  
                  
                </datafield>
            <datafield ind1=' ' ind2=' ' tag='245'>
          <subfield code = 'a'>Mahler, Gustave, Photograph of Bust by Auguste Rodin</subfield>
          
          </datafield>
            
            <datafield ind1=' ' ind2=' ' tag='506'>
          <subfield code = 'a'>Collection is open for research use.</subfield>
          </datafield>
            
            
            
            
            
            
            <datafield ind1='1' ind2=' ' tag='700'>
              <subfield code = 'a'>Rodin, Auguste, 1840-1917.</subfield>
              
              <subfield code='4'>scl</subfield>
              
              
            </datafield> <datafield ind1='2' ind2=' ' tag='710'>
              <subfield code = 'a'>Bernès Marouteau &amp; Cie (Photography Firm)</subfield>
              
              <subfield code='4'>pbl</subfield>
              <subfield code = '2'>local</subfield>
              
            </datafield> <datafield ind1='1' ind2='0' tag='600'>
              <subfield code = 'a'>Mahler, Gustav, 1860-1911.</subfield>
              
              <subfield code='4'>dpc</subfield>
              
              
            </datafield> <datafield ind1='2' ind2='0' tag='610'>
              <subfield code = 'a'>Musée Rodin.</subfield>
              
              <subfield code='4'>pbl</subfield>
              
              
            </datafield>
            <datafield ind1='4' ind2='2' tag='856'>
            <subfield code='z'>Search and Request</subfield>
            <subfield code = 'u'>https://findingaids.princeton.edu/catalog/aspace_5eac670073c50b2196d281b0cb5dd204</subfield>
            <subfield code='y'>Princeton University Library Finding Aids</subfield>
            </datafield>
            <datafield ind1=' ' ind2=' ' tag='982'><subfield code='c'></subfield></datafield>
          </record>