
<record>
            <leader>00000ntmaa22000002u 4500</leader>
            <controlfield tag='001'>aspace_470da1cc9473a63eb50cb0a3a22d6a53</controlfield>
            <controlfield tag='003'>PULFA</controlfield>
            <controlfield tag="008">000000e19601960xx      |           eng d</controlfield>
            <datafield ind1=' ' ind2=' ' tag='035'>
          <subfield code='a'>(PULFA)aspace_470da1cc9473a63eb50cb0a3a22d6a53</subfield>
          </datafield>
            <datafield ind1=" " ind2=" " tag="040">
        <subfield code="a">NjP</subfield>
        <subfield code="b">eng</subfield>
        <subfield code="e">dacs</subfield>
        <subfield code="c">NjP</subfield>
        </datafield>
            <datafield ind1=' ' ind2=' ' tag='041'>
            <subfield code='c'>eng</subfield>
          </datafield>
            <datafield ind1=' ' ind2=' ' tag='046'>
                <subfield code='a'>i</subfield>
                <subfield code='c'>1960</subfield>
                <subfield code='e'>1960</subfield>
              </datafield>
            <datafield ind1=' ' ind2=' ' tag='099'>
          <subfield code = 'a'>aspace_470da1cc9473a63eb50cb0a3a22d6a53</subfield>
          </datafield>
            <datafield ind1='1' ind2='0' tag='100'>
                  <subfield code = 'a'>Crzellitzer, Franz, 1905-1979.</subfield>
                  
                  <subfield code='4'>cmp</subfield>
                  
                  <subfield code = '0'>n 2007080657</subfield>
                </datafield>
            <datafield ind1=' ' ind2=' ' tag='245'>
          <subfield code = 'a'>Phantasy for violin: full score and ensemble parts (104 bpm)</subfield>
          <subfield code = 'f'>1960</subfield>
          </datafield>
            <datafield ind1=" " ind2=" " tag="300">
              <subfield code="a">6</subfield>
              <subfield code="f">folder(s)</subfield>
              </datafield>
            <datafield ind1=' ' ind2=' ' tag='506'>
          <subfield code = 'a'>Collection is open for research use.</subfield>
          </datafield>
            <datafield ind1=' ' ind2=' ' tag='520'>
            <subfield code = 'a'>Photocopy of manuscript score for violin and orchestra. Photocopy of manuscript parts for orchestra. All parts are glue-bound. Does not contain solo violin part (see "Phantasy for violin: solo violin part (104 bpm), 1960")</subfield>
            </datafield> <datafield ind1=' ' ind2=' ' tag='520'>
            <subfield code = 'a'>6 violin 1 parts (6 pages each) + 5 violin 2 parts (5 pages each) + 4 viola parts (5 pages each) + 4 violoncello parts (6 pages each) + 3 contabass parts (4 pages each) + 1 flute 1 part (6 pages) + 1 flute 2/piccolo part (5 pages) + 1 oboe 1 part (5 pages) + 1 oboe 2 part (4 pages) + 1 clarinet 1 part (6 pages) + 1 clarinet 2 part (5 pages) + 1 bassoon 1 part (5 pages) + 1 bassoon 2 part (5 pages) + 1 horn 1 part (4 pages) + 1 horn 2 part (4 pages) + 1 trumpet 1 part (3 pages) + 1 trumpet 2 part (3 pages) + 1 pianoforte part (5 pages) + 2 percussion parts (2 pages each)</subfield>
            </datafield>
            
            
            
            
            <datafield ind1=' ' ind2='0' tag='650'>
              <subfield code = 'a'>Fantasias (Music)</subfield>
                
                
                
              </datafield> <datafield ind1=' ' ind2='0' tag='650'>
              <subfield code = 'a'>Violin with orchestra</subfield>
                
                
                
              </datafield> <datafield ind1=' ' ind2='7' tag='655'>
              <subfield code = 'a'>Scores</subfield>
                
                
                <subfield code = '2'>lcgft</subfield>
              </datafield>
            <datafield ind1='1' ind2=' ' tag='700'>
              <subfield code = 'a'>Crzellitzer, Franz, 1905-1979.</subfield>
              
              <subfield code='4'>cmp</subfield>
              
              <subfield code = '0'>n 2007080657</subfield>
            </datafield>
            <datafield ind1='4' ind2='2' tag='856'>
            <subfield code='z'>Search and Request</subfield>
            <subfield code = 'u'>https://findingaids.princeton.edu/catalog/aspace_470da1cc9473a63eb50cb0a3a22d6a53</subfield>
            <subfield code='y'>Princeton University Library Finding Aids</subfield>
            </datafield>
            <datafield ind1=' ' ind2=' ' tag='982'><subfield code='c'></subfield></datafield>
          </record>