
<record>
            <leader>00000ntmaa22000002u 4500</leader>
            <controlfield tag='001'>aspace_f91ec926ac616111175f99c4c25719a9</controlfield>
            <controlfield tag='003'>PULFA</controlfield>
            <controlfield tag="008">000000e19501950xx      |           eng d</controlfield>
            <datafield ind1=' ' ind2=' ' tag='035'>
          <subfield code='a'>(PULFA)aspace_f91ec926ac616111175f99c4c25719a9</subfield>
          </datafield>
            <datafield ind1=" " ind2=" " tag="040">
        <subfield code="a">NjP</subfield>
        <subfield code="b">eng</subfield>
        <subfield code="e">dacs</subfield>
        <subfield code="c">NjP</subfield>
        </datafield>
            <datafield ind1=' ' ind2=' ' tag='041'>
            <subfield code='c'>eng</subfield>
          </datafield>
            <datafield ind1=' ' ind2=' ' tag='046'>
                <subfield code='a'>i</subfield>
                <subfield code='c'>1950</subfield>
                <subfield code='e'>1950</subfield>
              </datafield>
            <datafield ind1=' ' ind2=' ' tag='099'>
          <subfield code = 'a'>aspace_f91ec926ac616111175f99c4c25719a9</subfield>
          </datafield>
            <datafield ind1='1' ind2='0' tag='100'>
                  <subfield code = 'a'>Crzellitzer, Franz, 1905-1979.</subfield>
                  
                  <subfield code='4'>cmp</subfield>
                  
                  <subfield code = '0'>n 2007080657</subfield>
                </datafield>
            <datafield ind1=' ' ind2=' ' tag='245'>
          <subfield code = 'a'>Piano concerto: ensemble parts</subfield>
          <subfield code = 'f'>1950</subfield>
          </datafield>
            <datafield ind1=" " ind2=" " tag="300">
              <subfield code="a">23</subfield>
              <subfield code="f">folder(s)</subfield>
              </datafield>
            <datafield ind1=' ' ind2=' ' tag='506'>
          <subfield code = 'a'>Collection is open for research use.</subfield>
          </datafield>
            <datafield ind1=' ' ind2=' ' tag='520'>
            <subfield code = 'a'>Photocopies of manuscript parts for orchestra All parts are glue-bound. Does not include solo piano part (see "Piano concerto (piano part), 1950")</subfield>
            </datafield> <datafield ind1=' ' ind2=' ' tag='520'>
            <subfield code = 'a'>8 violin 1 parts (8 pages each) + 3 violin 2 parts (9 pages each) + 4 viola parts (7 pages each) + 4 violoncello parts (9 pages each) + 3 contra-bass parts (7 pages each) + 1 flute 1 part (8 pages) + 1 flute 2/piccolo part (7 pages) + 1 oboe 1 part (8 pages) + 1 oboe 2 part (8 pages) + 1 clarinet 1 part (8 pages) + 1 clarinet 2 part (8 pages) + 1 bassoon 1 part (7 pages) + 1 bassoon 2 part (7 pages) + 1 horn 1 part (7 pages) + 1 horn 2 part (7 pages) + 1 trumpet 1 part (7 pages) + 1 trumpet 2 part (7 pages) + 1 trombone 1 part (3 pages) + 1 trombone 2 part (3 pages) + 1 tuba part (2 pages) + 1 glockenspiel ("campanelli ([orchestral] bells)") part (1 page) + 1 xylophone ("xylophon") part (2 pages) + 1 timpani part (9 pages) + 1 percussion (timp, trgl, cym ["piatti"]) (9 pages) + 1 celesta part (1 page)</subfield>
            </datafield>
            
            
            
            
            <datafield ind1=' ' ind2='0' tag='650'>
              <subfield code = 'a'>Concertos (Piano)</subfield>
                
                
                
              </datafield>
            <datafield ind1='1' ind2=' ' tag='700'>
              <subfield code = 'a'>Crzellitzer, Franz, 1905-1979.</subfield>
              
              <subfield code='4'>cmp</subfield>
              
              <subfield code = '0'>n 2007080657</subfield>
            </datafield>
            <datafield ind1='4' ind2='2' tag='856'>
            <subfield code='z'>Search and Request</subfield>
            <subfield code = 'u'>https://findingaids.princeton.edu/catalog/aspace_f91ec926ac616111175f99c4c25719a9</subfield>
            <subfield code='y'>Princeton University Library Finding Aids</subfield>
            </datafield>
            <datafield ind1=' ' ind2=' ' tag='982'><subfield code='c'></subfield></datafield>
          </record>