
<record>
            <leader>00000ntmaa22000002u 4500</leader>
            <controlfield tag='001'>aspace_d01013999f003006622c26a9b7fba465</controlfield>
            <controlfield tag='003'>PULFA</controlfield>
            <controlfield tag="008">000000e19591959xx      |           eng d</controlfield>
            <datafield ind1=' ' ind2=' ' tag='035'>
          <subfield code='a'>(PULFA)aspace_d01013999f003006622c26a9b7fba465</subfield>
          </datafield>
            <datafield ind1=" " ind2=" " tag="040">
        <subfield code="a">NjP</subfield>
        <subfield code="b">eng</subfield>
        <subfield code="e">dacs</subfield>
        <subfield code="c">NjP</subfield>
        </datafield>
            <datafield ind1=' ' ind2=' ' tag='041'>
            <subfield code='c'>eng</subfield>
          </datafield>
            <datafield ind1=' ' ind2=' ' tag='046'>
                <subfield code='a'>i</subfield>
                <subfield code='c'>1959</subfield>
                <subfield code='e'>1959</subfield>
              </datafield>
            <datafield ind1=' ' ind2=' ' tag='099'>
          <subfield code = 'a'>aspace_d01013999f003006622c26a9b7fba465</subfield>
          </datafield>
            <datafield ind1='1' ind2='0' tag='100'>
                  <subfield code = 'a'>Crzellitzer, Franz, 1905-1979.</subfield>
                  
                  <subfield code='4'>cmp</subfield>
                  
                  <subfield code = '0'>n 2007080657</subfield>
                </datafield>
            <datafield ind1=' ' ind2=' ' tag='245'>
          <subfield code = 'a'>Symphonic fantasy no. 2: parts</subfield>
          <subfield code = 'f'>1959</subfield>
          </datafield>
            <datafield ind1=" " ind2=" " tag="300">
              <subfield code="a">16</subfield>
              <subfield code="f">folder(s)</subfield>
              </datafield>
            <datafield ind1=' ' ind2=' ' tag='506'>
          <subfield code = 'a'>Collection is open for research use.</subfield>
          </datafield>
            <datafield ind1=' ' ind2=' ' tag='520'>
            <subfield code = 'a'>Photocopies of manuscript parts for orchestra</subfield>
            </datafield> <datafield ind1=' ' ind2=' ' tag='520'>
            <subfield code = 'a'>1 flute 1 part (5 pages) + 1 flute 2/piccolo part (4 pages) + 1 clarinet 1 part (3 pages) + 1 clarinet 2 part (6 pages) + 1 oboe 1 part (6 pages) + 1 oboe 2 part (5 pages) + 1 bassoon 1 part (5 pages) + 1 bassoon 2 part (4 pages) + 1 horn 1 part (4 pages) + 1 horn 2 part (4 pages) + 1 horn 3 part (2 pages) + 1 trumpet 1 part (4 pages) + 1 trumpet 2 part (4 pages) + 1 trombone 1 part (4 pages) + 1 trombone 2 part (3 pages) + 1 tuba part (3 pages) + 1 piano part (4 pages) + 1 harp part (3 pages) + 1 timpani part (3 pages) + 1 glockenspiel/xylophone part (2 pages) + 6 violin 1 parts (6 pages each) + 6 violin 2 parts (6 pages each) + 6 viola parts (6 pages each) + 6 violoncello parts (6 pages each) + 4 contrabass parts (5 pages each)</subfield>
            </datafield>
            
            
            
            
            <datafield ind1=' ' ind2='0' tag='650'>
              <subfield code = 'a'>Fantasias (Music)</subfield>
                
                
                
              </datafield> <datafield ind1=' ' ind2='0' tag='650'>
              <subfield code = 'a'>Orchestral music </subfield>
                
                <subfield code = 'x'>Parts</subfield>
                
              </datafield>
            <datafield ind1='1' ind2=' ' tag='700'>
              <subfield code = 'a'>Crzellitzer, Franz, 1905-1979.</subfield>
              
              <subfield code='4'>cmp</subfield>
              
              <subfield code = '0'>n 2007080657</subfield>
            </datafield>
            <datafield ind1='4' ind2='2' tag='856'>
            <subfield code='z'>Search and Request</subfield>
            <subfield code = 'u'>https://findingaids.princeton.edu/catalog/aspace_d01013999f003006622c26a9b7fba465</subfield>
            <subfield code='y'>Princeton University Library Finding Aids</subfield>
            </datafield>
            <datafield ind1=' ' ind2=' ' tag='982'><subfield code='c'></subfield></datafield>
          </record>