
<record>
            <leader>00000ntmaa22000002u 4500</leader>
            <controlfield tag='001'>aspace_c2d7b1ff10e95a2156ebd7af56827ebb</controlfield>
            <controlfield tag='003'>PULFA</controlfield>
            <controlfield tag="008">000000e19811983xx      |           heb d</controlfield>
            <datafield ind1=' ' ind2=' ' tag='035'>
          <subfield code='a'>(PULFA)aspace_c2d7b1ff10e95a2156ebd7af56827ebb</subfield>
          </datafield>
            <datafield ind1=" " ind2=" " tag="040">
        <subfield code="a">NjP</subfield>
        <subfield code="b">eng</subfield>
        <subfield code="e">dacs</subfield>
        <subfield code="c">NjP</subfield>
        </datafield>
            <datafield ind1=' ' ind2=' ' tag='041'>
            <subfield code='c'>heb</subfield>
          </datafield>
            <datafield ind1=' ' ind2=' ' tag='046'>
                <subfield code='a'>i</subfield>
                <subfield code='c'>1981</subfield>
                <subfield code='e'>1983</subfield>
              </datafield>
            <datafield ind1=' ' ind2=' ' tag='099'>
          <subfield code = 'a'>aspace_c2d7b1ff10e95a2156ebd7af56827ebb</subfield>
          </datafield>
            <datafield ind1='1' ind2='0' tag='100'>
                  <subfield code = 'a'>Fleischer, Tsippi, 1946-</subfield>
                  
                  <subfield code='4'>cmp</subfield>
                  
                  <subfield code = '0'>n 92110571</subfield>
                </datafield>
            <datafield ind1=' ' ind2=' ' tag='245'>
          <subfield code = 'a'>מס. 4 ממלח מימיך הן מלח דמי ודמעי = No. 4 "From the salt of your waters is the salt of my blood and my tears" - to the Mediterranean and Dead Sea</subfield>
          <subfield code = 'f'>1981-1983</subfield>
          </datafield>
            <datafield ind1=" " ind2=" " tag="300">
              <subfield code="a">1</subfield>
              <subfield code="f">folder(s)</subfield>
              </datafield>
            <datafield ind1=' ' ind2=' ' tag='506'>
          <subfield code = 'a'>Collection is open for research use.</subfield>
          </datafield>
            <datafield ind1=' ' ind2=' ' tag='520'>
            <subfield code = 'a'>Printed score for mixed (SATB) chorus and piano</subfield>
            </datafield>
            
            
            
            
            <datafield ind1=' ' ind2='0' tag='650'>
              <subfield code = 'a'>Madrigals</subfield>
                
                
                
              </datafield> <datafield ind1=' ' ind2='0' tag='650'>
              <subfield code = 'a'>Choruses (Mixed voices)</subfield>
                
                
                
              </datafield> <datafield ind1=' ' ind2='0' tag='651'>
              <subfield code = 'a'>Mediterranean Sea</subfield>
                
                
                
              </datafield> <datafield ind1=' ' ind2='0' tag='651'>
              <subfield code = 'a'>Dead Sea (Israel and Jordan)</subfield>
                
                
                
              </datafield>
            <datafield ind1='1' ind2=' ' tag='700'>
              <subfield code = 'a'>Fleischer, Tsippi, 1946-</subfield>
              
              <subfield code='4'>cmp</subfield>
              
              <subfield code = '0'>n 92110571</subfield>
            </datafield> <datafield ind1='1' ind2='0' tag='600'>
              <subfield code = 'a'>Greenberg, Uri Zvi, 1896-1981 -- Musical Settings.</subfield>
              
              <subfield code='4'>lyr</subfield>
              
              <subfield code = '0'>n 80013609</subfield>
            </datafield>
            <datafield ind1='4' ind2='2' tag='856'>
            <subfield code='z'>Search and Request</subfield>
            <subfield code = 'u'>https://findingaids.princeton.edu/catalog/aspace_c2d7b1ff10e95a2156ebd7af56827ebb</subfield>
            <subfield code='y'>Princeton University Library Finding Aids</subfield>
            </datafield>
            <datafield ind1=' ' ind2=' ' tag='982'><subfield code='c'></subfield></datafield>
          </record>